%% This BibTeX bibliography file was created using BibDesk.
%% http://bibdesk.sourceforge.net/


%% Created for Kevin Jin at 2014-09-25 21:03:08 -0500 


%% Saved with string encoding Unicode (UTF-8) 


@string{acmccs = {ACM CCS}}

@string{acmtcs = {ACM Trans. Computer Systems}}

@string{apr = {April}}

@string{aug = {August}}

@string{aw = {Addison-Wesley}}

@string{cacm = {Communications of the ACM}}

@string{cc = {Computer Communications}}

@string{ccr = {ACM Computer Communication Review}}

@string{ccs = {ACM Conference on Computer and Communications Security (CCS)}}

@string{computer = {IEEE Computer Magazine}}

@string{conext = {CoNEXT}}

@string{cp = {Cisco Press}}

@string{dec = {December}}

@string{dsn = {IEEE/IFIP International Conference on Distributed Systems and Networks (DSN)}}

@string{eurocrypt = {EUROCRYPT}}

@string{eurosys = {EUROSYS}}

@string{fdna = {ACM SIGCOMM Workshop on Future Directions in Network Architecture}}

@string{feb = {February}}

@string{ftcs = {International Symposium on Fault-Tolerant Computing}}

@string{ginet = {IEEE Global Internet Symposium}}

@string{globecom = {IEEE GLOBECOM}}

@string{hotdep = {Hot Topics in System Dependability}}

@string{hotnets = {HotNets}}

@string{hotos = {HotOS}}

@string{hsnmc = {High Speed Networking and Multimedia Computing Symp.}}

@string{icc = {International Conference on Communications}}

@string{icdcs = {ICDCS}}

@string{icdm = {International Conference on Data Mining (ICDM)}}

@string{icnp = {International Conference on Network Protocols (ICNP)}}

@string{ieeecom = {IEEE Communication Magazine}}

@string{ieeejsac = {IEEE J. Selected Areas in Communications}}

@string{ieeenet = {IEEE Network Magazine}}

@string{ieeetcom = {IEEE Trans. Communications}}

@string{ieeetcomp = {IEEE Transactions on Computers}}

@string{ieeetit = {IEEE Trans. Information Theory}}

@string{ieeetn = {IEEE/ACM Trans. Networking}}

@string{ijcai = {International Joint Conference on Artificial Intelligence}}

@string{ijcs = {International Journal on Communication Systems}}

@string{ijdacs = {International Journal on Digital and Analog Communication Systems}}

@string{imc = {Internet Measurement Conference (IMC)}}

@string{imw = {Internet Measurement Workshop}}

@string{inet = {INET}}

@string{infocom = {IEEE INFOCOM}}

@string{internetwork = {Journal of Internetworking: Research and Experience}}

@string{ipj = {Internet Protocol Journal}}

@string{iptps = {International Workshop on Peer-To-Peer Systems (IPTPS)}}

@string{itcom = {Workshop on Scalability and Traffic Control in IP Networks, SPIE ITCOM Conference}}

@string{iwqos = {International Workshop on Quality of Service (IWQoS)}}

@string{jacm = {J. of the ACM}}

@string{jan = {January}}

@string{jul = {July}}

@string{jun = {June}}

@string{mar = {March}}

@string{may = {May}}

@string{middleware = {ACM Middleware}}

@string{mk = {Morgan Kaufmann}}

@string{mta = {Multimedia Tools and Applications}}

@string{nanog = {North American Network Operators Group}}

@string{nips = {Neural Information Processing Systems}}

@string{noms = {IEEE/IFIP Network Operations and Management Symposium}}

@string{nov = {November}}

@string{nsdi = {NSDI}}

@string{oakland = {IEEE Symposium on Security and Privacy}}

@string{oct = {October}}

@string{or = {O'Reilly}}

@string{osdi = {OSDI}}

@string{pam = {Passive and Active Measurement (PAM)}}

@string{pets = {Privacy Enhancing Technologies Symposium (PETS)}}

@string{ph = {Prentice Hall}}

@string{pieee = {Proceedings of the IEEE}}

@string{pldi = {Programming Languages Design and Implementation}}

@string{podc = {ACM Symposium on Principles of Distributed Computing}}

@string{presto = {ACM SIGCOMM Workshop on Programmable Routers for the Extensible Services of Tomorrow (PRESTO)}}

@string{rtas = {IEEE Real Time Technology and Applications Symposium}}

@string{sensys = {SENSYS}}

@string{sep = {September}}

@string{sigcomm = {ACM SIGCOMM}}

@string{sigmetrics = {ACM SIGMETRICS}}

@string{sigmod = {ACM SIGMOD}}

@string{soda = {ACM-SIAM Symposium on Discrete Algorithms (SODA)}}

@string{sosp = {ACM SOSP}}

@string{spaa = {ACM Symposium on Parallel Algorithms and Architectures}}

@string{spin = {SPIN Workshop on Model Checking of Software}}

@string{springer = {Springer}}

@string{stoc = {ACM Symposium on Theory of Computing}}

@string{usenix-security = {USENIX Security}}

@string{usenixatc = {USENIX Annual Technical Conference}}

@string{usits = {USITS}}

@string{vldb = {International Conference on Very Large Data Bases (VLDB)}}


@inproceedings{mcgeer2012safe,
	Author = {McGeer, Rick},
	Booktitle = {Proceedings of the first workshop on Hot topics in software defined networks},
	Date-Added = {2014-09-15 02:51:11 +0000},
	Date-Modified = {2014-09-15 02:51:11 +0000},
	Organization = {ACM},
	Pages = {61--66},
	Title = {A safe, efficient update protocol for OpenFlow networks},
	Year = {2012}}

@article{noyes2014toward,
	Author = {Noyes, Andrew and Warszawski, Todd and {\v{C}}ern{\`y}, Pavol and Foster, Nate},
	Date-Added = {2014-09-15 02:42:40 +0000},
	Date-Modified = {2014-09-21 03:33:24 +0000},
	Journal = {SYNT},
	Title = {Toward Synthesis of Network Updates},
	Year = {2014}}

@inproceedings{yang2013real,
	Author = {Yang, Hongkun and Lam, Simon S},
	Booktitle = {ICNP},
	Date-Added = {2014-09-15 02:38:17 +0000},
	Date-Modified = {2014-09-15 02:38:17 +0000},
	Pages = {1--11},
	Title = {Real-time verification of network properties using Atomic Predicates.},
	Year = {2013}}

@inproceedings{benson2011microte,
	Author = {Benson, Theophilus and Anand, Ashok and Akella, Aditya and Zhang, Ming},
	Booktitle = {Proceedings of the Seventh Conference on Emerging Networking Experiments and Technologiesperiments and Technologiesnference on emerging Networking EXperiments and Technologies (CoNEXT)},
	Date-Added = {2014-09-12 04:50:07 +0000},
	Date-Modified = {2014-09-21 03:24:35 +0000},
	Organization = {ACM},
	Pages = {8},
	Title = {{Microte: F}ine grained traffic engineering for data centers},
	Year = {2011}}

@inproceedings{al2010hedera,
	Author = {Al-Fares, Mohammad and Radhakrishnan, Sivasankar and Raghavan, Barath and Huang, Nelson and Vahdat, Amin},
	Booktitle = {NSDI},
	Date-Added = {2014-09-12 04:49:22 +0000},
	Date-Modified = {2014-09-21 03:22:35 +0000},
	Pages = {19},
	Title = {Hedera: Dynamic Flow Scheduling for Data Center Networks.},
	Volume = {10},
	Year = {2010}}

@inproceedings{jin2014dynamic,
	Author = {Jin, Xin and Liu, Hongqiang Harry and Gandhi, Rohan and Kandula, Srikanth and Mahajan, Ratul and Zhang, Ming and Rexford, Jennifer and Wattenhofer, Roger},
	Booktitle = {ACM SIGCOMM},
	Date-Added = {2014-09-12 04:25:37 +0000},
	Date-Modified = {2014-09-12 04:25:37 +0000},
	Title = {Dynamic scheduling of network updates},
	Year = {2014}}

@book{holzmann2004primer,
	Author = {Holzmann, G and Checker, SPIN Model},
	Date-Added = {2014-01-24 00:19:56 -0600},
	Date-Modified = {2014-01-24 00:19:56 -0600},
	Publisher = {Addison Wesley Professional},
	Title = {The Primer and Reference Manual},
	Year = {2004}}

@article{reitblatt2013fattire,
	Author = {Reitblatt, Mark and Canini, Marco and Guha, Arjun and Foster, Nate},
	Date-Added = {2014-01-23 00:08:12 -0600},
	Date-Modified = {2014-01-23 00:08:12 -0600},
	Title = {FatTire: Declarative Fault Tolerance for Software-Defined Networks},
	Year = {2013}}

@article{flanagan2005dynamic,
	Author = {Flanagan, Cormac and Godefroid, Patrice},
	Date-Added = {2014-01-22 23:27:59 -0600},
	Date-Modified = {2014-01-22 23:27:59 -0600},
	Journal = {ACM Sigplan Notices},
	Organization = {ACM},
	Pages = {110--121},
	Title = {Dynamic partial-order reduction for model checking software},
	Volume = {40},
	Year = {2005}}

@book{baier2008principles,
	Author = {Baier, Christel and Katoen, Joost-Pieter},
	Date-Added = {2014-01-22 23:27:48 -0600},
	Date-Modified = {2014-09-21 03:23:25 +0000},
	Publisher = {MIT Press, Cambridge},
	Title = {{Principles of Model Checking}},
	Year = {2008}}

@inproceedings{cadar2008klee,
	Author = {Cadar, Cristian and Dunbar, Daniel and Engler, Dawson R},
	Booktitle = OSDI,
	Date-Added = {2014-01-22 23:27:35 -0600},
	Date-Modified = {2014-01-22 23:27:35 -0600},
	Pages = {209--224},
	Title = {KLEE: Unassisted and Automatic Generation of High-Coverage Tests for Complex Systems Programs.},
	Volume = {8},
	Year = {2008}}

@inproceedings{heller2010elastictree,
	Author = {Heller, Brandon and Seetharaman, Srinivasan and Mahadevan, Priya and Yiakoumis, Yiannis and Sharma, Puneet and Banerjee, Sujata and McKeown, Nick},
	Booktitle = NSDI,
	Date-Added = {2014-01-22 23:27:23 -0600},
	Date-Modified = {2014-09-21 03:25:38 +0000},
	Pages = {19--21},
	Title = {{ElasticTree: S}aving Energy in Data Center Networks.},
	Volume = {3},
	Year = {2010}}

@inproceedings{wang2011openflow,
	Author = {Wang, Richard and Butnariu, Dana and Rexford, Jennifer},
	Booktitle = {Hot-ICE},
	Date-Added = {2014-01-22 23:27:10 -0600},
	Date-Modified = {2014-09-21 03:35:34 +0000},
	Organization = {USENIX Association},
	Pages = {12},
	Title = {{OpenFlow}-based server load balancing gone wild},
	Year = {2011}}

@inproceedings{vasic2011identifying,
	Author = {Vasi{\'c}, Nedeljko and Bhurat, Prateek and Novakovi{\'c}, Dejan and Canini, Marco and Shekhar, Satyam and Kosti{\'c}, Dejan},
	Date-Added = {2014-01-22 23:19:15 -0600},
	Date-Modified = {2014-09-21 03:35:12 +0000},
	Journal = CONEXT,
	Organization = {ACM},
	Pages = {18},
	Title = {Identifying and using energy-critical paths},
	Year = {2011}}

@article{visser2003model,
	Author = {Visser, Willem and Havelund, Klaus and Brat, Guillaume and Park, SeungJoon and Lerda, Flavio},
	Date-Added = {2014-01-22 23:18:33 -0600},
	Date-Modified = {2014-01-22 23:18:33 -0600},
	Journal = {Automated Software Engineering},
	Number = {2},
	Pages = {203--232},
	Publisher = {Springer},
	Title = {Model checking programs},
	Volume = {10},
	Year = {2003}}

@misc{gcc_tr,
	Note = {\url{http://web.engr.illinois.edu/~wzhou10/gcc_tr.pdf}},
	Title = {Tech Report}}

@misc{gurobi,
	Date-Added = {2014-01-19 11:45:37 -0600},
	Date-Modified = {2014-01-19 11:46:41 -0600},
	Note = {\url{http://www.gurobi.com/}},
	Title = {Gurobi optimization}}

@article{loopfree,
	Author = {Jing Fu and Peter Sjodin and Gunnar Karlsson},
	Journal = {IEEE Transactions on Network and Service Management},
	Month = MAR,
	Title = {Loop-Free Updates of Forwarding Tables},
	Year = 2008}

@article{loopfree-flow,
	Author = {Lei Shi and Jing Fu and Xiaoming Fu},
	Journal = ICC,
	Title = {Loop-Free Forwarding Table Updates with Minimal Link Overflow},
	Year = 2009}

@inproceedings{curtis2011devoflow,
	Author = {Curtis, Andrew R and Mogul, Jeffrey C and Tourrilhes, Jean and Yalagandula, Praveen and Sharma, Puneet and Banerjee, Sujata},
	Booktitle = {ACM SIGCOMM Computer Communication Review},
	Date-Added = {2014-01-19 11:18:20 -0600},
	Date-Modified = {2014-09-21 03:25:11 +0000},
	Number = {4},
	Organization = {ACM},
	Pages = {254--265},
	Title = {{DevoFlow: S}caling flow management for high-performance networks},
	Volume = {41},
	Year = {2011}}

@inproceedings{jain2013b4,
	Author = {Jain, Sushant and Kumar, Alok and Mandal, Subhasree and Ong, Joon and Poutievski, Leon and Singh, Arjun and Venkata, Subbaiah and Wanderer, Jim and Zhou, Junlan and Zhu, Min and others},
	Booktitle = SIGCOMM,
	Date-Added = {2014-01-19 10:51:21 -0600},
	Date-Modified = {2014-09-21 03:27:45 +0000},
	Organization = {ACM},
	Pages = {3--14},
	Title = {B4: Experience with a globally-deployed software defined {WAN}},
	Year = {2013}}

@misc{standford_cu_imp,
	Author = {CS244 REPRODUCING NETWORK RESEARCH},
	Date-Added = {2014-01-19 09:49:15 -0600},
	Date-Modified = {2014-01-19 09:56:31 -0600},
	Note = {\url{http://reproducingnetworkresearch.wordpress.com/2013/03/13/cs244-13-scaling-consistent-updates/}},
	Title = {SCALING CONSISTENT UPDATES}}

@book{box-jenkins,
	Author = {G. E. P. Box and G. M. Jenkins},
	Publisher = {Holden-Day},
	Title = {Time Series Analysis, Forecasting and Control},
	Year = 1976}

@book{takesavillage,
	Author = {H. Clinton},
	Publisher = {Simon \& Schuster},
	Title = {It Takes a Village},
	Year = 2006}

@book{oftelecom,
	Author = {I. Kaminow and T. Koch},
	Publisher = {Academic Press},
	Title = {Optical Fiber Telecommunications {IIIA}},
	Year = 1997}

@book{moy:98,
	Author = {J. Moy},
	Publisher = AW,
	Title = {{OSPF}: Anatomy of an {Internet} Routing Protocol},
	Year = 1998}

@book{parallelcompbook,
	Author = {G. Fox and R. Williams and P. Messina},
	Publisher = MK,
	Title = {Parallel Computing Works! (Chapter 5.3: Parallel Debugging)},
	Year = 1994}

@book{davie:08,
	Author = {B. Davie and A. Farrel},
	Publisher = MK,
	Title = {{MPLS:} Next Steps, Volume 1},
	Year = 2008}

@book{birman:05:ch18,
	Author = {K. Birman},
	Publisher = SPRINGER,
	Title = {Reliable Distributed Systems: Technologies, Web Services, and Applications (Chapter 18)},
	Year = 2005}

@book{birman:05,
	Author = {K. Birman},
	Publisher = SPRINGER,
	Title = {Reliable Distributed Systems: Technologies, Web Services, and Applications},
	Year = 2005}

@book{rose:08,
	Author = {C. Rose and C. Arline},
	Publisher = {Corwin Press},
	Title = {Uncovering Student Thinking in Mathematics, Grades 6-12},
	Year = 2008}

@book{perlman:00,
	Author = {R. Perlman},
	Edition = {Second},
	Publisher = AW,
	Title = {{Interconnections}: Bridges, routers, switches, and internetworking protocols},
	Year = 1999}

@book{halabi:01,
	Author = {S. Halabi and D. McPherson},
	Edition = {Second},
	Publisher = CP,
	Title = {Internet Routing Architectures},
	Year = 2001}

@book{stewart:98,
	Author = {J. W. Stewart},
	Publisher = AW,
	Title = {{BGP4}: Inter-Domain Routing in the {Internet}},
	Year = 1998}

@book{huitema:99,
	Author = {C. Huitema},
	Publisher = PH,
	Title = {Routing in the {Internet}},
	Year = {1999}}

@misc{rfc2281,
	Author = {T. Li and B. Cole and P. Morton and D. Li},
	Howpublished = {RFC 2281},
	Month = MAR,
	Title = {Cisco Hot Standby Router Protocol ({HSRP})},
	Year = 1998}

@misc{rfc3768,
	Author = {R. Hinden},
	Howpublished = {RFC 3768},
	Month = APR,
	Title = {Virtual Router Redundancy Protocol ({VRRP})},
	Year = 2004}

@misc{rfc2784,
	Author = {D. Farinacci and T. Li and S. Hanks and D. Meyer and P. Traina},
	Howpublished = {RFC 2784},
	Month = MAR,
	Title = {Generic Routing Encapsulation (GRE)},
	Year = 2000}

@misc{rfc4762,
	Author = {M. Lasserre and V. Kompella},
	Howpublished = {RFC 4762},
	Month = JAN,
	Title = {Virtual Private LAN Service (VPLS) Using Label Distribution Protocol (LDP) Signaling},
	Year = 2007}

@misc{rfc3471,
	Author = {L. Berger},
	Howpublished = {RFC 3471},
	Month = JAN,
	Title = {Generalized Multi-Protocol Label Switching {(GMPLS)} Signaling Functional Description},
	Year = 2003}

@misc{rfc3469,
	Author = {V. Sharma and F. Hellstrand},
	Howpublished = {RFC 3469},
	Month = FEB,
	Title = {Framework for Multi-Protocol Label Switching {(MPLS)}-based Recovery},
	Year = 2003}

@misc{rfc3031,
	Author = {E. Rosen and A. Viswanathan and R. Callon},
	Howpublished = {RFC 3031},
	Month = JAN,
	Title = {Multiprotocol Label Switching Architecture},
	Year = 2001}

@misc{rfc792,
	Author = {J. Postel},
	Howpublished = {RFC 792},
	Month = SEP,
	Title = {{Internet Control Message Protocol}},
	Year = 1981}

@misc{rfc1142,
	Author = {D. Oran},
	Howpublished = {RFC 1142},
	Month = FEB,
	Title = {{OSI IS-IS Intra-domain routing protocol}},
	Year = 1990}

@misc{rfc1771,
	Author = {Y. Rekhter and T. Li},
	Howpublished = {RFC 1771},
	Month = MAR,
	Title = {{A Border Gateway Protocol}},
	Year = 1995}

@misc{rfc2519,
	Author = {E. Chen and J. Stewart},
	Howpublished = {RFC 2519},
	Month = FEB,
	Title = {{A Framework for Inter-Domain Route Aggregation}},
	Year = 1999}

@misc{rfc2131,
	Author = {Droms, R.},
	Howpublished = {RFC 2131},
	Month = MAR,
	Title = {{Dynamic Host Configuration Protocol}},
	Year = 1997}

@misc{rfc4664,
	Author = {Andersson, L. and Rosen, E.},
	Howpublished = {RFC 4664},
	Month = SEP,
	Title = {{Framework for Layer 2 Virtual Private Networks (L2VPNs)}},
	Year = 2006}

@misc{rfc3209,
	Author = {D. Awduche and L. Berger and D. Gan and T. Li and others},
	Howpublished = {RFC 3209},
	Month = DEC,
	Title = {{RSVP-TE}: Extensions to {RSVP} for {LSP} Tunnels},
	Year = 2001}

@misc{rfc4090,
	Author = {P. Pan and G. Swallow and A. Atlas},
	Howpublished = {RFC 4090},
	Month = MAY,
	Title = {Fast Reroute Extensions to {RSVP-TE} for {LSP} Tunnels},
	Year = 2005}

@misc{rpsl,
	Author = {Alaettinoglu, C. and Villamizar, C. and Gerich, E. and Kessens, D. and Meyer, D. and Bates, T. and Karrenberg, D. and Terpstra, M.},
	Howpublished = {RFC 2622},
	Month = JUN,
	Title = {{Routing Policy Specification Language (RPSL)}},
	Year = {1999}}

@misc{rfc3954:netflow,
	Author = {B. Claise},
	Howpublished = {RFC 3954},
	Month = OCT,
	Title = {{Cisco Systems NetFlow Services Export Version 9}},
	Year = 2004}

@misc{sobgpdraft,
	Author = {J. Ng},
	Howpublished = {Internet-Draft (work in progress)},
	Month = APR,
	Title = {{Extensions to BGP to support secure origin BGP (soBGP)}},
	Year = 2004}

@misc{sobgpcisco,
	Author = {R. White},
	Howpublished = {Cisco Internet Protocol Journal},
	Month = SEP,
	Title = {{Securing BGP through secure origin BGP}},
	Year = 2003}

@misc{lispdraft,
	Author = {D. Farinacci and V. Fuller and D. Oran and D. Meyer},
	Howpublished = {Internet-Draft draft-ietf-lisp-06 (work in progress, expires July 30, 2010)},
	Month = JAN,
	Title = {{Locator/ID Separation Protocol (LISP)}},
	Year = 2010}

@article{cr05,
	Author = {M. Caesar and J. Rexford},
	Journal = IEEENET,
	Month = NOV,
	Title = {{BGP} routing policies in {ISP} networks},
	Year = 2005}

@article{rcp,
	Author = {M. Caesar and D. Caldwell and N. Feamster and J. Rexford and A. Shaikh and K. van der Merwe},
	Journal = NSDI,
	Month = APR,
	Title = {Design and implementation of a Routing Control Platform},
	Year = 2005}

@article{hlp,
	Author = {L. Subramanian and M. Caesar and C-T. Ee and M. Handley and M. Mao and S. Shenker and I. Stoica},
	Journal = SIGCOMM,
	Month = AUG,
	Title = {{HLP: A} next-generation interdomain routing protocol},
	Year = 2005}

@article{rofl,
	Author = {Caesar, M. and Condie, T. and Kannan, J. and Lakshminarayanan, K. and Stoica, I.},
	Journal = SIGCOMM,
	Month = SEP,
	Title = {{ROFL: Routing} on Flat Labels},
	Year = 2006}

@article{vrr,
	Author = {Caesar, M. and Castro, M. and Nightingale, E. and Rowstron, A. and O'Shea, G.},
	Journal = SIGCOMM,
	Month = SEP,
	Title = {Virtual Ring Routing: {Network} routing inspired by {DHTs}},
	Year = 2006}

@article{c07,
	Author = {M. Caesar},
	Journal = {Ph.D. thesis, University of California at Berkeley, Computer Science Division, Technical report EECS-2007-114},
	Month = OCT,
	Title = {Identity-based routing},
	Year = 2007}

@article{kc+07x,
	Author = {Changhoon Kim and M. Caesar and Jennifer Rexford},
	Journal = {Princeton University Computer Science Technical Report TR-801-07},
	Month = OCT,
	Title = {Building scalable self-configuring networks with {SEIZE}},
	Year = 2007}

@article{seattle-sig,
	Author = {Changhoon Kim and M. Caesar and Jennifer Rexford},
	Journal = SIGCOMM,
	Month = AUG,
	Title = {Floodless in {SEATTLE}: A Scalable Ethernet Architecture for Large Enterprises},
	Year = 2008}

@article{seattle,
	Author = {Changhoon Kim and M. Caesar and Jennifer Rexford},
	Journal = {ACM Transactions on Computing Systems},
	Month = AUG,
	Title = {Floodless in {SEATTLE}: A Scalable Ethernet Architecture for Large Enterprises},
	Year = 2010}

@article{graphslicer,
	Author = {S. Nagaraja and N. Borisov and M. Caesar},
	Journal = {2nd Workshop on Simplifying Complex Networks for Practitioners (IEEE Simplex)},
	Month = JUN,
	Title = {GraphSlicer: Localizing bots using community detection algorithms},
	Year = 2010}

@article{cg+02,
	Author = {M. Caesar and D. Ghosal and R. Katz},
	Journal = IWQOS,
	Month = MAY,
	Title = {Resource Management for {IP} Telephony Networks},
	Year = 2002}

@article{cs+05,
	Author = {M. Caesar and L. Subramanian and R. Katz},
	Journal = HOTDEP,
	Month = JUN,
	Title = {A case for an {Internet} health monitoring system},
	Year = 2005}

@article{fcp,
	Author = {K. Lakshminarayanan and M. Caesar and M. Rangan and T. Anderson and S. Shenker and I. Stoica},
	Journal = SIGCOMM,
	Month = AUG,
	Title = {Achieving Convergence-Free Routing using Failure-Carrying Packets},
	Year = 2007}

@article{cr08,
	Author = {M. Caesar and J. Rexford},
	Journal = PRESTO,
	Month = AUG,
	Title = {Building Bug-Tolerant Routers with Virtualization},
	Year = 2008}

@article{kc+09,
	Author = {C. Kim and M. Caesar and A. Gerber and J. Rexford},
	Journal = PAM,
	Month = APR,
	Title = {Revisiting Route Caching: The World Should be Flat},
	Year = 2009}

@article{yc+10,
	Author = {Z. Yin and M. Caesar and Y. Zhou},
	Journal = CCR,
	Month = JUN,
	Title = {Towards Understanding Bugs in Open Source Router Software},
	Year = 2010}

@article{gc+07,
	Author = {P. Godfrey and M. Caesar and I. Haken and S. Shenker and I. Stoica},
	Journal = NANOG,
	Month = AUG,
	Title = {Stable {Internet} Route Selection},
	Year = 2007}

@article{hair,
	Author = {F. Kiyak and B. Mochizuki and E. Keller and M. Caesar},
	Journal = ICNP,
	Month = OCT,
	Title = {Better by a {HAIR: Hardware} Amenable {Internet} Routing},
	Year = 2009}

@article{ppcatechrept,
	Author = {H. Ringberg and A. Soule and M. Caesar},
	Journal = {Princeton CS Technical Report},
	Month = JAN,
	Note = {\url{http://www.cs.princeton.edu/~haakon/work/papers/collaboration_potential.pdf}},
	Title = {Evaluating the Potential of Collaborative Anomaly Detection},
	Year = 2009}

@article{598coursewebsite,
	Author = {M. Caesar},
	Month = AUG,
	Note = {\url{http://www.cs.uiuc.edu/homes/caesar/classes/CS598.F08/}},
	Title = {Course Website, {CS598: Advanced Internetworking}},
	Year = 2008}

@article{438flashanim,
	Author = {B. Towal and M. Caesar},
	Month = MAY,
	Note = {\url{http://www.cs.uiuc.edu/class/sp10/cs438/lectures.html}},
	Title = {Course Website, {CS438: Communication} Networks (flash animations available under ``pre-lecture'' links)},
	Year = 2010}

@article{498coursewebsite,
	Author = {M. Caesar},
	Month = AUG,
	Note = {\url{http://www.cs.uiuc.edu/homes/caesar/classes/CS498.F09/}},
	Title = {Course Website, {CS498: Systems} and Networking Laboratory},
	Year = 2009}

@article{ppvctr,
	Author = {H. Ringberg and B. Applebaum and M. Freedman and M. Caesar and J. Rexford},
	Month = NOV,
	Note = {In submission},
	Title = {Collaborative, Privacy-Preserving Data Aggregation at Scale},
	Year = 2009}

@article{ppadtr,
	Author = {H. Ringberg and A. Soule and M. Caesar},
	Month = DEC,
	Note = {In submission},
	Title = {Evalutating the Potential of Collaborative Anomaly Detection},
	Year = 2009}

@article{p3ca,
	Author = {S. Nagaraja and V. Jalaparti and M. Caesar and N. Borisov},
	Journal = {Privacy Enhancing Technologies Symposium (PETS)},
	Month = JUL,
	Title = {{Private anomaly detection across ISP networks}},
	Year = 2011}

@article{btr,
	Author = {E. Keller and M. Yu and M. Caesar and J. Rexford},
	Journal = CONEXT,
	Month = DEC,
	Title = {Virtually Eliminating Router Bugs},
	Year = 2009}

@article{microte,
	Author = {T. Benson and A. Anand and A. Akella and M. Zhang},
	Journal = CONEXT,
	Title = {MicroTE: Fine grained traffic engineering for data centers},
	Year = 2011}

@article{ndb,
	Author = {C. Lin and M. Caesar and K. van der Merwe},
	Journal = HOTNETS,
	Month = OCT,
	Title = {Towards Interactive Debugging for {ISP} Networks},
	Year = 2009}

@article{botgrep,
	Author = {Shishir Nagaraja and Prateek Mittal and Chi-Yao Hong and Matthew Caesar and Nikita Borisov},
	Journal = {USENIX Security Symposium},
	Month = AUG,
	Title = {BotGrep: {Finding P2P} Bots with Structured Graph Analysis},
	Year = 2010}

@article{ppvc,
	Author = {Benny Applebaum and Haakon Ringberg and Michael Freedman and Matthew Caesar and Jennifer Rexford},
	Journal = PETS,
	Month = JUL,
	Title = {Collaborative, Privacy-Preserving Data Aggregation at Scale},
	Year = 2010}

@article{jn+10,
	Author = {Dong Jin and David Nicol and Matthew Caesar},
	Journal = {Principles of Advanced and Distributed Simulation (PADS)},
	Month = MAY,
	Title = {Efficient Gigabit {Ethernet} Switch Models for Large-scale Simulation},
	Year = 2010}

@article{aj+10,
	Author = {Rachit Agarwal and Virajith Jalaparti and Matthew Caesar and Brighten Godfrey},
	Journal = ICDCS,
	Month = JUN,
	Title = {Guaranteeing {BGP} Stability With a Few Extra Paths},
	Year = 2010}

@article{cc+10,
	Author = {Matthew Caesar and Martin Casado and Teemu Koponen and Jennifer Rexford and Scott Shenker},
	Journal = {ACM SIGCOMM Computer Communications Review (Editorial note)},
	Month = APR,
	Title = {Dynamic Route Computation Considered Harmful},
	Year = 2010}

@article{kk+11,
	Author = {A. Khurshid and F. Kiyak and M. Caesar},
	Journal = {Annual Computer Security Applications Conference (ACSAC)},
	Month = DEC,
	Title = {{Improving robustness of the DNS to software vulnerabilities}},
	Year = 2011}

@article{mk+ccs+11,
	Author = {P. Mittal and A. Khurshid and J. Juen and M. Caesar and N. Borisov},
	Journal = CCS,
	Month = DEC,
	Title = {{Stealthy traffic analysis of low-latency anonymous communication using throughput fingerprinting}},
	Year = 2011}

@article{cc11,
	Author = {J. Croft and M. Caesar},
	Journal = {USENIX HotSec},
	Month = AUG,
	Title = {{Towards practical avoidance of information leakage in enterprise networks}},
	Year = 2011}

@article{mk+sigcomm+11,
	Author = {H. Mai and A. Khurshid and R. Agarwal and M. Caesar and P. Godfrey and S. King},
	Journal = SIGCOMM,
	Month = AUG,
	Title = {{Debugging the data plane with Anteater}},
	Year = 2011}

@article{uk+11,
	Author = {M. Uddin and A. Khurshid and H. Jung and C. Gunter and M. Caesar and T. Abdelzaher},
	Journal = {IEEE Conference on Sensor, Mesh, and Ad Hoc Communications and Networks (SECON)},
	Month = JUN,
	Title = {{Making DTNs robust against spoofing attacks with localized countermeasures}},
	Year = 2011}

@article{slickpackets,
	Author = {G. Nguyen and R. Agarwal and J. Liu and M. Caesar and P. Godfrey},
	Journal = SIGMETRICS,
	Month = JUN,
	Title = {{SlickPackets}},
	Year = 2011}

@article{clockscalpel,
	Author = {C. Hong and C. Lin and M. Caesar},
	Journal = PAM,
	Month = MAR,
	Title = {{Clockscalpel: Understanding root causes of Internet clock synchronization inaccuracy}},
	Year = 2011}

@article{shrew,
	Author = {C.-W. Chang and S. Lee and B. Lin and J. Wang},
	Journal = {IEEE Transactions on Network Service Management},
	Month = MAR,
	Title = {The Taming of The Shrew: Mitigating Low-Rate TCP-Targeted Attack},
	Year = 2010}

@article{pathchar,
	Author = {V. Jacobson},
	Note = {\url{http://www.caida.org/tools/utilities/others/pathchar/}},
	Title = {Pathchar}}

@misc{nanog-traceroute,
	Note = {\url{ftp://ftp.login.com/pub/software/traceroute/}},
	Title = {{Nanog traceroute}}}

@misc{prtraceroute,
	Note = {\url{http://www.isi.edu/ra/RAToolSet/prtraceroute.html}},
	Title = {{Prtraceroute}}}

@article{dartmouthbcast,
	Author = {{Dartmouth Institute for Security Technology Studies}},
	Note = {\url{http://www.ists.dartmouth.edu/classroom/crs/arp_broadcast.php}},
	Title = {Problems with broadcasts}}

@article{bad-pkts,
	Author = {A. Ludwig and M. Rost and D. Foucard and S. Schmid},
	Journal = HOTNETS,
	Title = {Good Network Updates for Bad Packets: Waypoint Enforcement Beyond Destination-Based Routing Policies},
	Year = 2014}

@misc{traceroute.org,
	Note = {\url{www.traceroute.org}},
	Title = {{traceroute.org}}}

@misc{trill-wg,
	Note = {\url{www.ietf.org/html.charters/trill-charter.html}},
	Title = {{IETF {TRILL} working group}}}

@misc{psamp-wg,
	Note = {\url{www.ietf.org/html.charters/psamp-charter.html}},
	Title = {{IETF {Packet Sampling} working group}}}

@misc{metroeth-overview,
	Author = {Santitoro, R.},
	Note = {\url{www.metroethernetforum.org/metro-ethernet-services.pdf}},
	Title = {Metro Ethernet Services - A Technical Overview},
	Year = 2003}

@misc{mstp-standard,
	Note = {\url{standards.ieee.org/getieee802/download/802.1Q-2005.pdf}},
	Title = {{IEEE Std 802.1Q - 2005, IEEE Standard for Local and Metropolitan Area Network, Virtual Bridged Local Area Networks}},
	Year = 2005}

@misc{campusdesign,
	Note = {\url{www.cisco.com/warp/public/cc/so/neso/lnso/cpso/gcnd_wp.pdf}},
	Title = {Gigabit Campus Network Design -- Principles and Architecture},
	Year = 1999}

@misc{traffmgmt-usage,
	Author = {Rawlson King},
	Month = JUN,
	Note = {\url{www.thewhir.com/features/traffic-management.cfm}},
	Title = {Traffic Management Tools Fight Growing Pains},
	Year = 2004}

@misc{configcost,
	Author = {Z. Kerravala},
	Howpublished = {{The Yankee Group}},
	Title = {Configuration management delivers business resiliency},
	Year = 2002}

@article{paxson:97,
	Author = {V. Paxson},
	Journal = IEEETN,
	Month = OCT,
	Number = 5,
	Pages = {601--615},
	Title = {End-to-End Routing Behavior in the {Internet}},
	Volume = 5,
	Year = 1997}

@article{spring:02,
	Author = {Neil Spring and Ratul Mahajan and David Wetherall},
	Journal = SIGCOMM,
	Month = AUG,
	Title = {Measuring {ISP} topologies with {Rocketfuel}},
	Year = 2002}

@article{govindan:00,
	Author = {Ramesh Govindan and Hongsuda Tangmunaraunkit},
	Journal = INFOCOM,
	Title = {Heuristics for {Internet} Map Discovery},
	Year = 2000}

@article{tangmunarunkit:01,
	Author = {Hongsuda Tangmunarunkit and Ramesh Govindan and Scott Shenker and Deborah Estrin},
	Journal = INFOCOM,
	Title = {The Impact of Policy on {Internet} Paths},
	Year = 2001}

@misc{skitter,
	Note = {\url{http://www.caida.org/tools/measurement/skitter}},
	Title = {Skitter}}

@article{griffin:02,
	Author = {Timothy G. Griffin and Gordon Wilfong},
	Journal = SIGCOMM,
	Month = AUG,
	Title = {On the Correctness of {iBGP} Configuration},
	Year = 2002}

@article{gs+02,
	Author = {T. Griffin and F. Shepherd and G. Wilfong},
	Journal = IEEETN,
	Month = APR,
	Title = {The stable paths problem and Interdomain routing},
	Year = 2002}

@article{mahajan:02,
	Author = {Ratul Mahajan and David Wetherall and Tom Anderson},
	Journal = SIGCOMM,
	Month = AUG,
	Title = {Understanding {BGP} Misconfigurations},
	Year = 2002}

@article{zhao:01,
	Author = {Xiaoliang Zhao and Dan Pei and Lan Wang and Dan Massey and Allison Mankin and S. Felix Wu and Lixia Zhang},
	Journal = IMW,
	Month = NOV,
	Title = {An Analysis of {BGP} Multiple Origin {AS} ({MOAS}) Conflicts},
	Year = 2001}

@article{labovitz:97,
	Author = {C. Labovitz and R. Malan and F. Jahanian},
	Journal = IEEETN,
	Month = OCT,
	Number = 5,
	Pages = {515--528},
	Title = {Internet Routing Stability},
	Volume = 6,
	Year = 1998}

@article{labovitz:99,
	Author = {C. Labovitz and R. Malan and F. Jahanian},
	Journal = INFOCOM,
	Month = MAR,
	Title = {Origins of Pathological {Internet} Routing Instability},
	Year = 1999}

@article{khadilkar:07,
	Author = {M. Khadilkar, N. Feamster, M. Sanders, R. Clark},
	Journal = IMC,
	Month = OCT,
	Title = {Usage based DHCP lease time optimization},
	Year = 2007}

@article{brik:04,
	Author = {V. Brik and J. Stroik and S. Banerjee},
	Journal = IMC,
	Month = OCT,
	Title = {Debugging DHCP performance},
	Year = 2004}

@article{allman:07,
	Author = {M. Allman and V. Paxson and J. Terrell},
	Journal = IMC,
	Month = OCT,
	Title = {A brief history of scanning},
	Year = 2007}

@article{ca+95,
	Author = {L. Chen and A. Avizienis},
	Journal = {Fault-Tolerant Computing},
	Month = JUN,
	Title = {N-version programming: {A} fault-tolerant approach to reliability of software operation},
	Year = 1995}

@article{pang:05,
	Author = {R. Pang and M. Allman and M. Bennett and J. Lee and V. Paxson and B. Tierney},
	Journal = IMC,
	Month = OCT,
	Title = {A first look at modern enterprise traffic},
	Year = 2005}

@article{atmcutthru,
	Author = {P. White},
	Journal = IEEECOM,
	Month = APR,
	Title = {{ATM} switching and {IP} routing integration: the next stage in {Internet} evolution?},
	Year = 1998}

@article{onehopdht,
	Author = {A. Gupta and B. Liskov and R. Rodrigues},
	Journal = NSDI,
	Month = MAR,
	Title = {Efficient routing for peer-to-peer overlays},
	Year = 2004}

@article{casado:07,
	Author = {M. Casado and M. Freedman and J. Pettit and J. Luo and N. McKeown and S. Shenker},
	Journal = SIGCOMM,
	Month = AUG,
	Title = {Ethane: Taking control of the enterprise},
	Year = 2007}

@article{fn+04,
	Author = {M. J. Freedman and K. Nissam and B. Pinkas},
	Journal = EUROCRYPT,
	Month = MAY,
	Title = {Efficient private matching and set intersection},
	Year = 2004}

@article{perlman:04,
	Author = {Perlman, R.},
	Journal = INFOCOM,
	Month = MAR,
	Title = {Rbridges: Transparent Routing},
	Year = 2004}

@article{click,
	Author = {E. Kohler and R. Morris and B. Chen and J. Jannotti and M. Kaashoek},
	Journal = ACMTCS,
	Month = AUG,
	Title = {The {Click} modular router},
	Year = 2000}

@article{xorp,
	Author = {M. Handley and E. Kohler and A. Ghosh and O. Hodson and P. Radoslavov},
	Journal = NSDI,
	Month = MAY,
	Title = {Designing extensible {IP} router software},
	Year = 2005}

@article{myers:04,
	Author = {Myers, A. and Ng, E. and Zhang, H.},
	Journal = HOTNETS,
	Month = NOV,
	Title = {Rethinking the service model: scaling {Ethernet} to a million nodes},
	Year = 2004}

@article{sfs:99,
	Author = {D. Mazieres and M. Kaminsky and M. Frans Kaashoek and E. Witchel},
	Journal = SOSP,
	Month = DEC,
	Title = {{Separating key management from file system security}},
	Year = 1999}

@article{cfs:01,
	Author = {Dabek, F. and Kaashoek, M. Frans and Karger, D. and Morris, R. and Stoica, I.},
	Journal = SOSP,
	Month = OCT,
	Title = {{Wide-area cooperative storage with CFS}},
	Year = 2001}

@article{chord,
	Author = {I. Stoica and R. Morris and D. Karger and M. Kaashoek and H. Balakrishnan},
	Journal = SIGCOMM,
	Month = AUG,
	Title = {{Chord: A} scalable peer-to-peer lookup service for {Internet} applications},
	Year = 2001}

@article{pastry,
	Author = {A. Rowstron and P. Druschel},
	Journal = MIDDLEWARE,
	Month = NOV,
	Title = {{Pastry: scalable, decentralized object location and routing for large-scale peer-to-peer systems}},
	Year = 2001}

@article{can,
	Author = {S. Ratnasamy and P. Francis and M. Handley and R. Karp},
	Journal = SIGCOMM,
	Month = AUG,
	Title = {{A scalable content-addressable network}},
	Year = 2001}

@article{tapestry,
	Author = {B. Zhao and L. Huang and J. Stribling and S. Rhea and A. Joseph and J. Kubiatowicz},
	Journal = IEEEJSAC,
	Month = JAN,
	Title = {{Tapestry: a resilient global-scale overlay for service deployment}},
	Year = 2003}

@article{ab+07,
	Author = {D. Andersen and H. Balakrishnan and N. Feamster and T. Koponen and D. Moon and S. Shenker},
	Journal = HotNets,
	Month = NOV,
	Title = {Holding the {Internet} Accountable},
	Year = 2007}

@article{ab+08,
	Author = {D. Andersen and H. Balakrishnan and N. Feamster and T. Koponen and D. Moon and S. Shenker},
	Journal = SIGCOMM,
	Month = AUG,
	Title = {{Accountable Internet Protocol (AIP)}},
	Year = 2008}

@article{ford:03,
	Author = {Ford, B.},
	Journal = HotNets,
	Month = NOV,
	Title = {{Unmanaged Internet Protocol: {Taming} the edge network management crisis}},
	Year = 2003}

@article{rodeheffer:00,
	Author = {Rodeheffer, T.L. and Thekkath, C.A. and Anderson, D.C.},
	Journal = SIGCOMM,
	Month = AUG,
	Title = {{SmartBridge}: A Scalable Bridge Architecture},
	Year = 2000}

@article{sharma:04,
	Author = {Sharma, S. and Gopalan, K. and Nanda, S. and Chiueh, T.},
	Journal = INFOCOM,
	Month = MAR,
	Title = {Viking: A Multi-Spanning-Tree {Ethernet} Architecture for Metropolitan Area and Cluster Networks},
	Year = 2004}

@article{casado:06,
	Author = {Casado, M. and Garfinkel, T. and Akella, A. and Freedman, M.J. and Boneh, D. and McKeown, N. and Shenker, S.},
	Journal = USENIX-SECURITY,
	Month = AUG,
	Title = {{SANE: A} Protection Architecture for Enterprise Networks},
	Year = 2006}

@article{karger:97,
	Author = {Karger, D. and Lehman, E. and Leighton, T. and Panigrahy, R. and Levine, M. and Lewin, D.},
	Journal = STOC,
	Title = {Consistent Hashing and Random Trees: Distributed Caching Protocols for Relieving Hot Spots on the World Wide Web},
	Year = 1997}

@article{fm02,
	Author = {M. Freedman and R. Morris},
	Journal = CCS,
	Month = NOV,
	Title = {{Tarzan: a peer-to-peer anonymizing network layer}},
	Year = 2002}

@article{k02,
	Author = {Z. Kerravala},
	Journal = {The Yankee Group},
	Month = NOV,
	Title = {{Configuration management delivers business resiliency}},
	Year = 2002}

@article{as7007,
	Author = {V. Bono},
	Month = APR,
	Note = {NANOG mailing list, \url{http://www.merit.edu/mail.archives/nanog/1997-04/msg00444.html}},
	Title = {{7007 explanation and apology}},
	Year = 1997}

@article{wm+05,
	Author = {J. Wu and Z. Mao and J. Rexford and J. Wang},
	Journal = NSDI,
	Month = MAY,
	Title = {{Finding a needle in a haystack: Pinpointing significant BGP routing changes in an IP network}},
	Year = 2005}

@article{zhangshen:04,
	Author = {Zhang-Shen, R. and McKeown, N.},
	Journal = HOTNETS,
	Month = NOV,
	Title = {{Designing a predictable Internet backbone network}},
	Year = 2004}

@article{aiello:05,
	Author = {Aiello, W. and Kalmanek, C. and McDaniel, P. and Sen, S. and Spatscheck, O. and van der Merwe, J.},
	Journal = PAM,
	Month = MAR,
	Title = {Analysis of Communities Of Interest in Data Networks},
	Year = 2005}

@article{godfrey:04,
	Author = {B. Godfrey and K. Lakshminarayanan and S. Surana and R. Karp and I. Stoica},
	Journal = INFOCOM,
	Month = MAR,
	Title = {Load balancing in dynamic structured {P2P} systems},
	Year = 2003}

@article{edge,
	Author = {D. Caldwell, A. Gilbert, J. Gottlieb, A. Greenberg, G. Hjalmtysson, J. Rexford},
	Journal = HOTNETS,
	Month = NOV,
	Title = {The cutting EDGE of IP router configuration},
	Year = 2003}

@article{kerravala:02,
	Author = {Z. Kerravala},
	Month = NOV,
	Note = {The Yankee Group},
	Title = {Configuration management delivers business resiliency},
	Year = 2002}

@article{xz+05,
	Author = {Xie, G.G. and Zhan, J. and Maltz, D. and Zhang, H. and Greenberg, A. and Hjalmtysson, G. and Rexford, J.},
	Journal = INFOCOM,
	Month = MAR,
	Title = {On Static Reachability Analysis of {IP} Networks},
	Year = 2005}

@article{ray:07,
	Author = {Saikat Ray and Roch A. Guerin and Rute Sofia},
	Journal = ICC,
	Note = JUN,
	Title = {A Distributed Hash Table based Address Resolution Scheme for Large-scale {Ethernet} Networks},
	Year = 2007}

@article{albrightson:94,
	Author = {B. Albrightson and J. Garcia-Luna-Aceves and J. Boyle},
	Journal = {Networld/Interop},
	Month = MAY,
	Title = {{EIGRP} -- A fast routing protocol based on distance vectors},
	Year = 1994}

@article{brewer:06,
	Author = {E. Brewer and M. Demmer and M. Ho and R. Honicky and J. Pal and M. Plauche and S. Surana},
	Journal = {Pervasive Computing},
	Month = {April-June},
	Title = {The challenges of technology research for developing regions},
	Year = 2006}

@article{kim:07,
	Author = {Changhoon Kim and Jennifer Rexford},
	Journal = {IEEE LANMAN},
	Month = JUN,
	Note = {invited paper (short workshop paper)},
	Title = {Revisiting {Ethernet}: {Plug-and-play} made scalable and efficient},
	Year = 2007}

@article{valgrind,
	Note = {(dynamic code analysis software),\url{http://valgrind.org}},
	Title = {Valgrind}}

@article{splint,
	Note = {(static code analysis software),\url{http://www.splint.org/}},
	Title = {Splint}}

@article{uno,
	Note = {(static code analysis software),\url{http://www.spinroot.com/uno/}},
	Title = {Uno tool synopsis}}

@article{its4,
	Note = {(static code analysis software),\url{http://www.cigital.com/its4/}},
	Title = {ITS4: Software Security Tool}}

@article{xen,
	Note = {\url{http://www.xen.org/}},
	Title = {Xen (hypervisor software)}}

@article{quagga,
	Note = {\url{http://www.quagga.net}},
	Title = {Quagga Software Routing Suite}}

@article{openbgpd,
	Note = {\url{http://www.openbgpd.org}},
	Title = {OpenBGPD}}

@misc{ptpv2,
	Month = JUL,
	Title = {{IEEE Std 1588 - 2008, IEEE Standard for a Prevision Clock		Synchronization Protocol for Networked Measurement and Control Systems}},
	Year = 2008}

@article{isoc,
	Author = {Internet Systems Consortium},
	Journal = {web site},
	Month = NOV,
	Note = {\url{http://isc.org/index.pl?ops/ds/}},
	Title = {Domain survey host count},
	Year = 2007}

@article{kandula:07,
	Author = {V. Bahl and R. Chandra and A. Greenberg and S. Kandula and D. Maltz and M. Zhang},
	Journal = {ACM SIGCOMM (slides from Presentation)},
	Month = AUG,
	Note = {\url{http://nms.lcs.mit.edu/~kandula/sherlock.ppt}},
	Title = {Sherlock -- diagnosing problems in the enterprise},
	Year = 2007}

@article{emulab,
	Author = {B. White and J. Lepreau and L. Stoller and R. Ricci and G. Guruprasad and M. Newbold and M. Hibler and C. Barb and A. Joglekar},
	Journal = OSDI,
	Month = DEC,
	Title = {An integrated experimental environment for distributed systems and networks},
	Year = 2002}

@article{flashweb,
	Author = {V. Pai and P. Druschel and W. Zwaenepoel},
	Journal = {USENIX Annual Technical Conference},
	Month = JUN,
	Title = {Flash: {An} efficient and portable web server},
	Year = 1999}

@article{deltaexec,
	Author = {Y. Zhou and D. Marinov and W. Sanders and C. Zilles and M. d'Amorim and S. Lauterburg and R. Lefever},
	Journal = HOTDEP,
	Month = JUN,
	Title = {Delta execution for software reliability},
	Year = 2007}

@article{qt+05,
	Author = {F. Qin and J. Tucek and J. Sundaresan and Y. Zhou},
	Journal = SOSP,
	Month = OCT,
	Title = {Rx: treating bugs as allergies -- a safe method to survive software failure},
	Year = 2005}

@article{bouncer,
	Author = {M. Costa and M. Castro and L. Zhou and L. Zhang and M. Peinado},
	Journal = SOSP,
	Month = OCT,
	Title = {Bouncer: securing software by blocking bad input},
	Year = 2007}

@article{rc+01,
	Author = {R. Rodrigues and M. Castro and B. Liskov},
	Journal = SOSP,
	Month = OCT,
	Title = {BASE: Using abstraction to improve fault tolerance},
	Year = 2001}

@article{ce+05,
	Author = {C. Cadar and D. Engler},
	Journal = SPIN,
	Month = AUG,
	Title = {Execution generated test cases: How to make systems code crash itself},
	Year = 2005}

@article{lp+07,
	Author = {S. Lu and S. Park and C. Hu and X. Ma and W. Jiang and Z. Li and R. Popa and Y. Zhou},
	Journal = SOSP,
	Month = OCT,
	Title = {MUVI: Automatically inferring multi-variable access correlations and detecting related semantic and concurrency bugs},
	Year = 2007}

@article{avio,
	Author = {S. Lu and J. Tucek and F. Qin and Y. Zhou},
	Journal = {IEEE Micro},
	Month = {January-February},
	Title = {{AVIO: Detecting} atomicity violations via access-interleaving invariants},
	Year = 2007}

@article{tu+07,
	Author = {J. Tucek and S. Lu and C. Huang and S. Xanthos and Y. Zhou},
	Journal = SOSP,
	Month = OCT,
	Title = {Triage: diagnosing production run failures at the user's site},
	Year = 2007}

@article{fa+03,
	Author = {N. Feamster and D. Andersen and H. Balakrishnan and M. Kaashoek},
	Journal = SIGMETRICS,
	Month = JUN,
	Title = {Measuring the effects of {Internet} path faults on reactive routing},
	Year = 2003}

@article{rw+02,
	Author = {J. Rexford and J. Wang and Z. Xiao and Y. Zhang},
	Journal = IMW,
	Month = NOV,
	Title = {{BGP} routing stability of popular destinations},
	Year = 2002}

@article{mg+02,
	Author = {Z. Mao and R. Govindan and G. Varghese and R. Katz},
	Journal = SIGCOMM,
	Month = AUG,
	Title = {Route flap damping exacerbates {Internet} routing convergence},
	Year = 2002}

@article{bf+07,
	Author = {H. Ballani and P. Francis and X. Zhang},
	Journal = SIGCOMM,
	Month = AUG,
	Title = {A study of prefix hijacking and interception in the {Internet}},
	Year = 2007}

@article{a02,
	Author = {T. Akin},
	Journal = {Blackhat Briefings},
	Month = JUL,
	Note = {\url{www.blackhat.com/presentations/bh-usa-02/bh-us-02-akin-cisco/bh-us-02-akin-cisco.ppt}},
	Title = {Cisco router forensics},
	Year = 2002}

@article{mw+02,
	Author = {R. Mahajan and D. Wetherall and T. Anderson},
	Journal = SIGCOMM,
	Month = AUG,
	Title = {Understanding {BGP} misconfiguration},
	Year = 2002}

@article{ciscoadvisories,
	Author = {{Cisco Systems}},
	Note = {\url{http://www.cisco.com/en/US/products/products_security_advisories_listing.html}},
	Title = {Products \& services security advisories}}

@article{quaggabugzilla,
	Note = {\url{http://bugzilla.quagga.net}},
	Title = {Quagga's Bugzilla}}

@article{xorpbugzilla,
	Note = {\url{http://www.xorp.org/bugzilla/index.cgi}},
	Title = {XORP bug tracking system}}

@article{cisco3rdparty,
	Journal = {Network World Magazine},
	Month = DEC,
	Title = {Cisco opening up {IOS}},
	Year = 2007}

@article{juniper3rdparty,
	Journal = {Juniper Networks, Inc. (press release)},
	Month = DEC,
	Title = {Juniper networks delivers industry-first platform for customer and partner application development on carrier-class network operating system},
	Year = 2007}

@article{gh05,
	Howpublished = {RFC 4264},
	Month = NOV,
	Title = {{BGP} wedgies},
	Year = 2005}

@article{nanogmailing,
	Note = {\url{http://www.merit.edu/mail.archives/nanog/}},
	Title = {NANOG mailing list}}

@article{fb+04,
	Author = {N. Feamster and H. Balakrishnan and J. Rexford and A. Shaikh and J. van der Merwe},
	Journal = FDNA,
	Month = AUG,
	Title = {The case for separating routing from routers},
	Year = 2004}

@article{ys+06,
	Author = {J. Yang and C. Sar and P. Twohey and C. Cadar and D. Engler},
	Journal = {IEEE Security and Privacy},
	Month = MAY,
	Title = {Automatically Generating Malicious Disks using Symbolic Execution},
	Year = 2006}

@article{jester,
	Note = {(code mutation testing software), \url{http://jester.sourceforge.net}},
	Title = {Jester - the JUnit test tester}}

@article{lz+06,
	Author = {S. Lu and P. Zhou and W. Liu and Y. Zhou and J. Torellas},
	Journal = {of the IEEE/ACM International Symposium on Microarchitecture},
	Month = DEC,
	Title = {{PathExpander:} Architectural support for increasing the path coverage of dynamic bug detection},
	Year = 2006}

@article{w08,
	Author = {K. Weissner},
	Journal = NANOG,
	Month = FEB,
	Title = {Graceful Restart and/or Non-Stop Routing with Stateful Switchover and Non-Stop Forwarding},
	Year = 2008}

@article{bf+06,
	Author = {A. Bavier and N. Feamster and M. Huang and L. Peterson and J. Rexford},
	Journal = SIGCOMM,
	Month = AUG,
	Title = {In {VINI} Veritas: Realistic and Controlled Network Experimentation},
	Year = 2006}

@article{wail,
	Note = {\url{http://wail.cs.wisc.edu/}},
	Title = {Wisconsin Advanced Internet Laboratory}}

@article{ciscopc,
	Note = {\url{http://www.ipflow.utc.fr/index.php/Cisco_7200_Simulator}},
	Title = {Cisco 7200 Simulator (software to run {Cisco IOS} images on desktop {PCs})}}

@article{juniperpc,
	Note = {\url{juniper. cluepon.net/index.php/Olive}},
	Title = {Olive (software to run {Juniper OS} images on desktop {PCs})}}

@article{rcc,
	Author = {N. Feamster and H. Balakrishnan},
	Journal = NSDI,
	Month = MAY,
	Title = {Detecting {BGP} configuration faults with static analysis},
	Year = 2005}

@article{fm+04,
	Author = {A. Feldmann and O. Maennel and Z. Mao and A. Berger and B. Maggs},
	Journal = SIGCOMM,
	Month = AUG,
	Title = {Locating {Internet} routing instabilities},
	Year = 2004}

@article{mf+02,
	Author = {O. Maennel and A. Feldmann},
	Journal = SIGCOMM,
	Month = AUG,
	Title = {Realistic {BGP} traffic for test labs},
	Year = 2002}

@article{lc+04,
	Author = {A. Lakhina and M. Crovella and C. Diot},
	Journal = SIGCOMM,
	Month = AUG,
	Title = {Diagnosing network-wide traffic anomalies},
	Year = 2004}

@article{lakhina:sigcomm05,
	Author = {Anukool Lakhina and Mark Crovella and Christophe Diot},
	Journal = SIGCOMM,
	Month = AUG,
	Title = {Mining anomalies using traffic feature distributions},
	Year = {2005}}

@article{cnetjan07,
	Author = {J. Evers},
	Journal = {CNET News},
	Month = JAN,
	Title = {Trio of {Cisco} flaws may threaten networks},
	Year = 2007}

@article{nwwdec07,
	Author = {J. Duffy},
	Journal = {Network World},
	Month = DEC,
	Title = {{BGP} bug bites {Juniper} software},
	Year = 2007}

@article{ismsep05,
	Author = {B. Brenner},
	Journal = {Information Security Magazine},
	Month = SEP,
	Title = {Cisco {IOS} flaw prompts {Symantec} to raise threat level},
	Year = 2005}

@article{newscijul03,
	Author = {W. Knight},
	Journal = {New Scientist Magazine},
	Month = JUL,
	Title = {Router bug threatens ``{Internet} backbone''},
	Year = 2003}

@article{qacafe,
	Author = {QA Cafe (company)},
	Note = {\url{http://www.qacafe.com/}},
	Title = {IP Test Solutions}}

@article{p03,
	Author = {S. Poretsky},
	Month = OCT,
	Note = {\url{http://www.nanog.org/mtg-0310/pdf/rao.pdf}},
	Title = {Stress testing to validate router readiness for deployment},
	Year = 2003}

@article{agilent,
	Author = {Agilent Technologies},
	Note = {\url{http://advanced.comms.agilent.com/n2x/duts/carrier_routers.htm}},
	Title = {Multi-services test solution: carrier routers}}

@article{sg04,
	Author = {A. Shaikh and A. Greenberg},
	Journal = NSDI,
	Month = MAR,
	Title = {{OSPF monitoring: Architecture,} design and deployment experience},
	Year = 2004}

@article{s07,
	Author = {P. Smith},
	Journal = NANOG,
	Month = FEB,
	Title = {{BGP} troubleshooting techniques},
	Year = 2007}

@article{em01,
	Author = {P. Smith},
	Journal = NANOG,
	Month = FEB,
	Title = {SNMP Counters tutorial},
	Year = 2001}

@article{ca78,
	Author = {L. Chen and A. Avizienis},
	Journal = {Fault Tolerant Computing Symposium},
	Month = JUN,
	Title = {N-version programming: a fault tolerance approach to reliability of software operation},
	Year = 1978}

@article{dl93,
	Author = {J. Dugan and M. Lyu},
	Journal = {IEEE Symposium on Software Reliability Engineering},
	Month = NOV,
	Title = {System reliability analysis of an N-version programming application},
	Year = 1993}

@article{fr07,
	Author = {N. Feamster and J. Rexford},
	Journal = IEEETN,
	Month = APR,
	Title = {Network-wide prediction of {BGP} routes},
	Year = 2007}

@article{fwr04,
	Author = {Feamster, N. and Winick, J. and Rexford, J.},
	Journal = SIGMETRICS,
	Month = JUN,
	Title = {{A model of BGP routing for network engineering}},
	Year = {2004}}

@article{jigsaw,
	Author = {Y-C. Cheng and J. Bellardo and P. Benko and A. Snoeren and G. Voelker and S. Savage},
	Journal = SIGCOMM,
	Month = AUG,
	Title = {Jigsaw: Solving the puzzle of enterprise 802.11 analysis},
	Year = 2006}

@article{ec+00,
	Author = {D. Engler and B. Chelf and A. Chou and S. Hallem},
	Journal = OSDI,
	Month = OCT,
	Title = {Checking system rules using system-specific, programmer-written compiler extensions},
	Year = 2000}

@article{openview,
	Note = {\url{www.openview.hp.com}},
	Title = {HP OpenView Management Software}}

@article{coverity,
	Note = {\url{www.coverity.com}},
	Title = {Coverity static analysis software}}

@article{qacpp,
	Note = {(software) \url{www.qa-systems.com}},
	Title = {{QAC}++}}

@article{ga+07,
	Author = {D. Geels and G. Altekar and P. Maniatis and I. Stoica and T. Roscoe},
	Journal = NSDI,
	Month = APR,
	Title = {{Friday: Global} comprehension for distributed replay},
	Year = 2007}

@article{forces,
	Note = {(software) \url{http://www.ietf.org/html.charters/forces-charter.html}},
	Title = {{IETF} Forwarding and Control Element Separation {(ForCES)}}}

@article{radlab,
	Author = {K. Asanovic and R. Bodic and B. Catanzaro and J. Gebis and P. Husbands and K. Keutzer and D. Patterson and W. Plishker and J. Shalf and S. Williams and K. Yelick},
	Journal = {University of California, Berkeley, Technical Report No. UCB/EECS-2006-183},
	Month = DEC,
	Title = {The Landscape of Parallel Computing Research: A View from Berkeley},
	Year = 2006}

@article{stoicathesis,
	Author = {I. Stoica},
	Journal = {Winning Thesis of the 2001 ACM Doctoral Dissertation Competition},
	Month = APR,
	Title = {A scalable approach for quality of service in the {Internet}},
	Year = 2004}

@article{pg+00,
	Author = {G. Pei and M. Gerla and T-W. Chen},
	Journal = {IEEE International Conference on Communications},
	Month = JUN,
	Title = {Fisheye state routing: A routing scheme for ad hoc wireless networks},
	Year = 2000}

@article{ic+99,
	Author = {A. Iwata and C-C. Chiang and G. Pei and M. Gerla and T-W. Chen},
	Journal = IEEEJSAC,
	Month = AUG,
	Title = {Scalable Routing Strategies for Ad hoc Wireless Networks},
	Year = 1999}

@article{hk+07,
	Author = {A. Haeberlen and P. Kouznetsov and P. Druschel},
	Journal = SOSP,
	Month = OCT,
	Title = {{PeerReview}: Practical accountability for distributed systems},
	Year = 2007}

@article{l06,
	Author = {T. Li},
	Journal = {Internet Architecture Board meeting (presentation)},
	Month = OCT,
	Note = {\url{http://www.iab.org/about/workshops/routingandaddressing/Router_Scalability.pdf}},
	Title = {Router scalability and {Moore's} law},
	Year = 2006}

@article{vinisummercamp,
	Note = {\url{www.vini-veritas.net/summercamp}},
	Title = {{VINI} Summer Camp}}

@article{vinitestbed,
	Note = {\url{www.vini-veritas.net/}},
	Title = {{VINI}: A virtual network infrastructure}}

@article{bugtraq,
	Note = {\url{http://www.securityfocus.com/vulnerabilities}},
	Title = {SecurityFocus: Bugtraq mailing list}}

@article{bgpmux,
	Author = {V. Valancius and N. Feamster},
	Journal = {CoNEXT},
	Month = DEC,
	Title = {Multiplexing {BGP} Sessions with {BGP-Mux}},
	Year = 2007}

@article{rbgp,
	Address = {Cambridge, MA},
	Author = {Nate Kushman and Srikanth Kandula and Dina Katabi and Bruce Maggs},
	Journal = NSDI,
	Month = {April},
	Title = {{R-BGP: Staying Connected in a Connected World}},
	Year = {2007}}

@article{conman,
	Author = {H. Ballani and P. Francis},
	Journal = SIGCOMM,
	Month = AUG,
	Title = {{CONMan}, a step towards network manageability},
	Year = 2007}

@article{a06,
	Author = {G. Apostolopoulos},
	Journal = {Technical report 3 77, {ICS-FORTH}},
	Month = APR,
	Title = {Using multiple topologies for {IP}-only protection against network failures: {A} routing performance perspective},
	Year = 2006}

@article{ciscomutitopo,
	Author = {{Cisco Systems}},
	Note = {\url{http://www.cisco.com/en/US/docs/ios/12_2sr/12_2srb/feature/guide/srmtrdoc.html}},
	Title = {Multi-topology routing},
	Year = 2007}

@article{ic+04,
	Author = {G. Iannaccone and C. Chuah and S. Bhattacharyya and C. Diot},
	Journal = IEEENET,
	Month = {{Jan.-Feb.}},
	Title = {Feasibility of {IP} restoration in a tier-1 backbone},
	Year = 2004}

@article{ly+04,
	Author = {S. Lee and Y. Yu and S. Nelakuditi and Z-L. Zhang and C-N. Chuah},
	Journal = INFOCOM,
	Month = MAR,
	Title = {Proactive vs. Reactive Approaches to Failure Resilient Routing},
	Year = 2004}

@article{gm+04,
	Author = {K. Gummadi and H. Madhyastha and S. Gribble and H. Levy and D. Wetherall},
	Journal = OSDI,
	Month = DEC,
	Title = {Improving the Reliability of {Internet} Paths with One-hop Source Routing},
	Year = 2004}

@article{rfc4915,
	Author = {P. Psenak and S. Mirtorabi and A. Roy and L. Nguyen and P. Pillay-Esnault},
	Journal = {RFC 4915},
	Month = JUN,
	Title = {Multi-topology ({MT}) routing in {OSPF}},
	Year = 2007}

@article{kh+06,
	Author = {A. Kvalbein and A. F. Hansen and T. Cicic and S. Gjessing and O. Lysne},
	Journal = INFOCOM,
	Month = APR,
	Title = {Fast IP network recovery using multiple routing configurations},
	Year = 2006}

@article{g06,
	Author = {S. Gjessing},
	Journal = {AICT'06},
	Month = FEB,
	Title = {Implementation of two resilience mechanisms using multi topology routing and stub routers},
	Year = 2006}

@article{ibmautonomic,
	Author = {IBM},
	Note = {\url{http://www-03.ibm.com/autonomic/}},
	Title = {IBM Autonomic Computing}}

@article{msrdynsys,
	Author = {Microsoft},
	Note = {\url{http://www.microsoft.com/business/dsi/default.mspx}},
	Title = {Dynamic systems initiative}}

@article{ab01,
	Author = {D. Andersen and H. Balakrishnan and F. Kaashoek and R. Morris},
	Journal = SOSP,
	Month = OCT,
	Title = {Resilient overlay networks},
	Year = 2001}

@article{gb+07,
	Author = {R. Gao and D. Blair and M. Morrow and E. Zegura},
	Journal = {{IFIP Networking}},
	Month = MAY,
	Title = {Interactions of Intelligent Route Control with {TCP} Congestion Control},
	Year = 2007}

@article{ft02,
	Author = {B. Fortz and M. Thorup},
	Journal = IEEEJSAC,
	Month = MAY,
	Title = {Optimizing {OSPF/IS-IS} weights in a changing world},
	Year = 2002}

@article{wx+06,
	Author = {H. Wang and H. Xie and L. Qiu and Y-R. Yang and Y. Zhang and A. Greenberg},
	Journal = SIGCOMM,
	Month = AUG,
	Title = {{COPE:} Traffic engineering in dynamic networks},
	Year = 2006}

@article{hr08,
	Author = {J. He and J. Rexford},
	Journal = IEEENET,
	Month = MAR,
	Title = {Towards {Internet-wide} multipath routing},
	Year = 2008}

@article{wa+07x,
	Author = {Y. Wang and I. Avramopoulos and J. Rexford},
	Journal = {ACM SIGCOMM Workshop on Internet Network Management (INM)},
	Month = OCT,
	Title = {Morpheus: Making routing programmable},
	Year = 2007}

@article{xc+07,
	Author = {D. Xu and M. Chiang and J. Rexford},
	Journal = INFOCOM,
	Month = MAY,
	Title = {{DEFT}: Distributed Exponentially-weighted Flow Splitting},
	Year = 2007}

@article{texcp,
	Author = {S. Kandula and D. Katabi and B. Davie and A. Charny},
	Journal = SIGCOMM,
	Month = AUG,
	Title = {Walking the Tightrope: Responsive Yet Stable Traffic Engineering},
	Year = 2005}

@article{dm+06,
	Author = {N. Dukkipati and N. McKeown and A. Fraser},
	Journal = INFOCOM,
	Month = APR,
	Title = {{RCP-AC:} Congestion Control to make flows complete quickly in any environment},
	Year = 2006}

@article{kks+07,
	Author = {S. Kandula and D. Katabi and S. Sinha and A. Berger},
	Journal = CCR,
	Month = JAN,
	Title = {Flare: Responsive Load Balancing Without Packet Reordering},
	Year = 2007}

@article{zm08,
	Author = {R. Zhang-Shen and N. McKeown},
	Journal = INFOCOM,
	Month = APR,
	Title = {Designing a Fault-Tolerant Network with {Valiant} Load-Balancing},
	Year = 2008}

@article{kf+06,
	Author = {J. Karlin and S. Forrest and J. Rexford},
	Journal = ICNP,
	Month = JUN,
	Title = {Pretty Good {BGP}: Improving {BGP} by cautiously adopting routes},
	Year = 2006}

@article{kf+08b,
	Author = {J. Karlin and S. Forrest and J. Rexford},
	Journal = {Computer Networks, special issue on Complex Computer and Communications Networks},
	Month = OCT,
	Title = {Autonomous security for {Autonomous Systems}},
	Year = 2008}

@article{cf06,
	Author = {S. Convery and M. Franz},
	Journal = NANOG,
	Month = JUN,
	Title = {{BGP} Vulnerability Testing: Separating Fact from {FUD} v.1.1},
	Year = 2006}

@article{listenwhisper,
	Author = {L. Subramanian and V. Roth and I. Stoica and S. Shenker and R. Katz},
	Journal = NSDI,
	Month = MAR,
	Title = {Listen and {Whisper: Security} Mechanisms for {BGP}},
	Year = 2004}

@article{cd+06,
	Author = {H. Chan and D. Dash and A. Perrig and H. Zhang},
	Journal = SIGCOMM,
	Month = AUG,
	Title = {Modeling Adoptability of Secure {BGP} Protocols},
	Year = 2006}

@article{wa+06,
	Author = {D. Wendlandt and I. Avramopoulos and D. Andersen and J. Rexford},
	Journal = HOTNETS,
	Month = NOV,
	Title = {Don't secure routing protocols, secure data delivery},
	Year = 2006}

@article{gigascope,
	Author = {C. Cranor and T. Johnson and O. Spatscheck},
	Journal = SIGMOD,
	Month = JUN,
	Title = {Gigascope: a stream database for network applications},
	Year = 2003}

@article{fcaps,
	Author = {ITU-T},
	Title = {M.3010 Principles for a telecommunications management network},
	Year = 1996}

@article{fcapswiki,
	Author = {Wikipedia},
	Note = {\url{http://en.wikipedia.org/wiki/FCAPS}},
	Title = {{FCAPS}}}

@article{aj+00,
	Author = {C. Alaettinoglu and V. Jacobson and H. Yu},
	Journal = {IETF Draft},
	Month = NOV,
	Title = {Towards millisecond {IGP} convergence},
	Year = 2000}

@article{netflow,
	Author = {{Cisco Systems}},
	Note = {\url{http://www.cisco.com/en/US/products/ps6601/products_ios_protocol_group_home.html}},
	Title = {Cisco {IOS} Netflow}}

@article{mr+03,
	Author = {Z. Mao and J. Rexford and J. Wang and R. Katz},
	Journal = SIGCOMM,
	Month = AUG,
	Title = {Towards an {AS}-level traceroute tool},
	Year = 2003}

@article{tr04,
	Author = {R. Teixeira and J. Rexford},
	Journal = {ACM SIGCOMM Network Troubleshooting Workshop},
	Month = AUG,
	Title = {A Measurement Framework for Pin-Pointing Routing Changes},
	Year = 2004}

@article{fb+03,
	Author = {N. Feamster and J. Borkenhagen and J. Rexford},
	Journal = CCR,
	Month = OCT,
	Title = {Guidelines for Interdomain Traffic Engineering},
	Year = 2003}

@article{fmr+04,
	Author = {N. Feamster and Z. Mao and J. Rexford},
	Journal = IMC,
	Month = OCT,
	Title = {BorderGuard: Detecting Cold Potatoes from Peers},
	Year = 2004}

@article{secbgppanel,
	Journal = NANOG,
	Month = JUN,
	Note = {\url{http://www.nanog.org/mtg-0306/sbgp.html}},
	Title = {{S-BGP/soBGP} Panel: what do we really need and how do we architect a compromise to get it?},
	Year = 2003}

@article{bgpbeacons,
	Author = {Mao, Z.M. and Bush, R. and Griffin, T.G. and Roughan, M.},
	Journal = IMC,
	Month = OCT,
	Title = {{BGP} beacons},
	Year = 2003}

@article{rates,
	Author = {Aukia, P. and Kodialam, M. and Koppol, PVN and Lakshman, TV and Sarin, H. and Suter, B.},
	Journal = IEEENET,
	Number = {2},
	Pages = {34--41},
	Title = {{RATES: A server for {MPLS} traffic engineering}},
	Volume = {14},
	Year = {2000}}

@article{netscope,
	Author = {Feldmann, A. and Greenberg, A. and Lund, C. and Reingold, N. and Rexford, J.},
	Journal = IEEENET,
	Number = {2},
	Pages = {11--19},
	Title = {{NetScope: Traffic engineering for IP networks}},
	Volume = {14},
	Year = {2000}}

@article{crio,
	Author = {Zhang, X. and Francis, P. and Wang, J. and Yoshida, K.},
	Journal = ICNP,
	Title = {{Scaling IP Routing with the Core Router-Integrated Overlay}},
	Year = {2006}}

@article{uip:04,
	Author = {Ford, B.},
	Journal = CCR,
	Number = {1},
	Pages = {93--98},
	Title = {{Unmanaged Internet Protocol: Taming} the edge network management crisis},
	Volume = {34},
	Year = {2004}}

@article{trajectorysampling,
	Author = {N. Duffield and M. Grossglauser},
	Journal = SIGCOMM,
	Month = AUG,
	Title = {{Trajectory sampling for direct traffic observation}},
	Year = {2000}}

@article{csamp,
	Author = {V. Sekar and M. Reiter and W. Willinger and H. Zhang and R. Kompella and D. Anderson},
	Journal = NSDI,
	Month = APR,
	Title = {{cSAMP: A System for Network-Wide Flow Monitoring}},
	Year = 2008}

@article{estan-tm,
	Author = {C. Estan and G. Varghese},
	Journal = ACMTCS,
	Number = {3},
	Pages = {270--313},
	Title = {{New Directions in Traffic Measurement and Accounting: Focusing on the Elephants, Ignoring the Mice}},
	Volume = {21},
	Year = {2003}}

@article{triad,
	Author = {M. Gritter and D. Cheriton},
	Journal = USITS,
	Month = MAR,
	Title = {An Architecture for Content Routing Support in the {Internet}},
	Year = 2001}

@article{gx+08,
	Author = {S. Goldberg and D. Xiao and E. Tromer and B. Barak and J. Rexford},
	Journal = SIGMETRICS,
	Month = JUN,
	Title = {Path-quality monitoring in the presence of adversaries},
	Year = 2008}

@article{ks+04,
	Author = {R. Kompella and S. Singh and G. Varghese},
	Journal = IMC,
	Month = OCT,
	Title = {On Scalable Attack Detection in the Network},
	Year = 2004}

@article{hj+03,
	Author = {R. Haas and C. Jeffries and L. Kencl and A. Kind and B. Metzler and R. Pletka and M. Waldvogel and L. Frelechoux and P. Droz},
	Journal = IEEENET,
	Month = JUL,
	Title = {Creating advanced functions on network processors: Experience and perspectives},
	Year = 2003}

@article{yk+04,
	Author = {F. Yu and R. Katz and T. Lakshman},
	Journal = ICNP,
	Month = OCT,
	Title = {Gigabit rate pattern-matching using {TCAM}},
	Year = 2004}

@article{kk+07,
	Author = {Srikanth Kandula and Dina Katabi and Shan Sinha and Arthur Berger},
	Journal = CCR,
	Month = APR,
	Title = {Dynamic Load Balancing Without Packet Reordering},
	Year = 2007}

@article{ab+0,
	Author = {D. G. Andersen and H. Balakrishnan and M. F. Kaashoek and R. Rao},
	Journal = NSDI,
	Title = {Improving web availability for clients with monet},
	Year = 2005}

@article{gd+06,
	Author = {R. Gao and C. Dovrolis and E. W. Zegura},
	Journal = INFOCOM,
	Title = {Avoiding oscillations due to intelligent route control systems},
	Year = 2006}

@article{za07,
	Author = {Y. Zhu and M. Ammar},
	Journal = INFOCOM,
	Month = MAY,
	Title = {Combing Multihoming with Overlay Routing (or, how to be a better {ISP} without owning a network)},
	Year = 2007}

@article{sbgp,
	Author = {Kent, S. and Lynn, C. and Seo, K.},
	Journal = IEEEJSAC,
	Number = {4},
	Pages = {582--592},
	Title = {{Secure Border Gateway Protocol (S-BGP)}},
	Volume = {18},
	Year = {2000}}

@article{sa+07,
	Author = {M. Suchara and I. Avramopoulos and J. Rexford},
	Howpublished = {Poster Session},
	Journal = CONEXT,
	Title = {Securing {BGP} Incrementally},
	Year = 2007}

@article{routergrafting,
	Author = {Eric Keller and Jennifer Rexford and Jacobus van der Merwe},
	Journal = NSDI,
	Title = {Router Grafting},
	Year = 2010}

@article{wv+07x,
	Author = {Yi Wang and Jacobus van der Merwe and Jennifer Rexford},
	Journal = HOTNETS,
	Title = {{VROOM: Virtual ROuters On the Move}},
	Year = 2007}

@article{fp+07,
	Author = {R. Fonseca and G. Porter and R. Katz and S. Shenker and I. Stoica},
	Journal = NSDI,
	Month = APR,
	Title = {X-Trace: A Pervasive Network Tracing Framework},
	Year = 2007}

@article{yp+03,
	Author = {A. Yaar and A. Perrig and D. Song},
	Journal = OAKLAND,
	Month = MAY,
	Title = {Pi: A Path Identification Mechanism to Defend against {DDoS} Attacks},
	Year = 2003}

@article{lw+04,
	Author = {G. Li and D. Wang and J. Yates and R. Doverspike and C. Kalmanek},
	Journal = {BROADNETS},
	Month = OCT,
	Title = {Detailed study of {IP}/reconfigurable optical networks},
	Year = 2004}

@article{bg03,
	Author = {S. Bellovin and E. Gansner},
	Journal = {Unpublished Draft},
	Month = MAY,
	Note = {\url{http://www.cs.columbia.edu/~smb/papers/reroute.ps}},
	Title = {Using link cuts to attack {Internet} routing},
	Year = 2003}

@article{hm+01,
	Author = {A. Householder and A. Manion and L. Pesante and G. Weaver},
	Journal = {CERT Coordination Center, Report},
	Month = OCT,
	Title = {Managing the Threat of Denial-of-Service Attacks},
	Year = 2001}

@article{jt+08,
	Author = {Joseph, Dilip Antony and Tavakoli, Arsalan and Stoica, Ion},
	Howpublished = {Technical Report, EECS Department, University of California, Berkeley,UCB/EECS-2008-17},
	Note = {\url{www.eecs.berkeley.edu/Pubs/TechRpts/2008/EECS-2008-17.html}},
	Title = {A Policy-aware Switching Layer for Data Centers},
	Year = {2008}}

@article{bladelogic,
	Howpublished = {Business Wire},
	Month = SEP,
	Note = {\url{findarticles.com/p/articles/mi_m0EIN/is_2003_Sept_15/ai_107753392/pg_2}},
	Title = {{BladeLogic} sets standard for data center automation and provides foundation for utility computing with {Operations Manager Version 5}},
	Year = {2003}}

@article{ipsec,
	Author = {S. Kent and K. Seo},
	Journal = {RFC 4301},
	Month = DEC,
	Title = {Security Architecture for the {Internet} Protocol},
	Year = 2005}

@article{fg+07,
	Author = {N. Feamster and L. Gao and J. Rexford},
	Journal = CCR,
	Month = JAN,
	Title = {How to lease the {Internet} in your spare time},
	Year = 2007}

@article{sfsdist,
	Note = {\url{http://www.fs.net/sfswww/dist.html}},
	Title = {Self-certifying file system: distribution (contains implementation of privacy-preserving set intersection)}}

@article{lc06,
	Author = {P. Laskowski and J. Chuang},
	Journal = SIGCOMM,
	Month = SEP,
	Title = {Network Monitors and Contracting Systems},
	Year = 2006}

@article{sz+07,
	Author = {G. Swamynathan and B. Zhao and K. Almeroth},
	Journal = {Wiley Concurrency and Computation: Practice and Experience, Special Issue on Recent Advances in Peer-to-Peer Systems and Security},
	Month = MAY,
	Title = {Exploring the Feasibility of Proactive Reputations},
	Year = 2007}

@article{ac+03,
	Author = {M. Arias and L. Cowen and K. Laing and R. Rajaraman and O. Taka},
	Journal = SPAA,
	Month = JUN,
	Title = {Compact routing with name independence},
	Year = 2003}

@article{kc+03,
	Author = {D. Krioukov and k c Claffy and K. Fall and A. Brady},
	Journal = CCR,
	Month = JUL,
	Title = {On compact routing for the internet},
	Year = 2007}

@article{mn+07,
	Author = {D. Maltz and T. Ng and H. Gogineni and H. Yan and H. Zhang},
	Journal = {GENI Design Document 06-37, Backbone Working Group},
	Month = APR,
	Title = {Meta-Management System for GENI},
	Year = 2007}

@article{ar+07,
	Author = {I. Avramopoulos and J. Rexford and D. Syrivelis and S. Lalis},
	Journal = {Princeton University Computer Science Technical Report TR-794-07},
	Month = AUG,
	Title = {Counteracting discrimination against network traffic},
	Year = 2007}

@article{gb+08,
	Author = {S. Goldberg and B. Barak and D. Xiao},
	Journal = EUROCRYPT,
	Month = APR,
	Title = {Protocols and Lower Bounds for Failure Localization in the {Internet}},
	Year = 2008}

@article{kr10,
	Author = {E. Keller and J. Rexford},
	Journal = {INM Workshop},
	Month = APR,
	Title = {The ``Platform as a Service'' model for networking},
	Year = 2010}

@article{kl+09b,
	Author = {E. Keller and R. Lee and J. Rexford},
	Journal = {ACM SIGCOMM Workshop on Virtualized Infrastructure Systems and Architectures (VISA)},
	Month = AUG,
	Title = {Accountability in hosted virtual networks},
	Year = 2009}

@article{replex,
	Author = {Simon Fischer and Nils Kammenhuber and Anja Feldmann},
	Journal = CoNEXT,
	Month = DEC,
	Title = {{REPLEX --- Dynamic} Traffic Engineering Based on Wardrop Routing Policies},
	Year = {2006}}

@article{stealth,
	Author = {I. Avramopoulos and J. Rexford},
	Journal = {USENIX Annual Technical Conference},
	Month = {May/Jun.},
	Title = {Stealth Probing: Efficient Data-Plane Security for {IP} Routing},
	Year = 2006}

@article{banana,
	Author = {H. Tahilramani Kaur and S. Kalyanaraman and A. Weiss and S. Kanwar and A. Gandhi},
	Doi = {http://doi.acm.org/10.1145/944759.944766},
	Isbn = {1-58113-748-0},
	Journal = FDNA,
	Location = {Karlsruhe, Germany},
	Title = {{BANANAS}: An evolutionary framework for explicit and multipath routing in the {Internet}},
	Year = {2003},
	Bdsk-Url-1 = {http://doi.acm.org/10.1145/944759.944766}}

@article{feedback,
	Author = {Dapeng Zhu and Mark Gritter and David Cheriton},
	Journal = HOTNETS,
	Location = {Princeton, NJ},
	Month = {October},
	Title = {Feedback Based Routing},
	Year = {2002}}

@article{platypus,
	Author = {Barath Raghavan and Alex C. Snoeren},
	Doi = {http://doi.acm.org/10.1145/1015467.1015487},
	Isbn = {1-58113-862-8},
	Journal = SIGCOMM,
	Location = {Portland, Oregon, USA},
	Pages = {167--178},
	Title = {A system for authenticated policy-compliant routing},
	Year = {2004},
	Bdsk-Url-1 = {http://doi.acm.org/10.1145/1015467.1015487}}

@article{loose,
	Author = {Katerina Argyraki and David R. Cheriton},
	Doi = {http://doi.acm.org/10.1145/1016707.1016718},
	Isbn = {1-58113-942-9},
	Journal = FDNA,
	Location = {Portland, Oregon, USA},
	Title = {Loose source routing as a mechanism for traffic policies},
	Year = {2004},
	Bdsk-Url-1 = {http://doi.acm.org/10.1145/1016707.1016718}}

@article{nira,
	Author = {Xiaowei Yang},
	Doi = {http://doi.acm.org/10.1145/944759.944768},
	Isbn = {1-58113-748-0},
	Journal = FDNA,
	Location = {Karlsruhe, Germany},
	Title = {{NIRA}: A new {Internet} routing architecture},
	Year = {2003},
	Bdsk-Url-1 = {http://doi.acm.org/10.1145/944759.944768}}

@article{hz+08,
	Author = {Jiayue He and Rui Zhang-Shen and Ying Li and Cheng-Yen Lee and Jennifer Rexford and Mung Chiang},
	Journal = CONEXT,
	Month = DEC,
	Title = {{DaVinci: Dynamically} Adaptive Virtual Networks for a Customized {Internet}},
	Year = 2008}

@article{bc+05,
	Author = {Hitesh Ballani and Yatin Chawathe and Sylvia Ratnasamy and Timothy Roscoe and Scott Shenker},
	Journal = HOTNETS,
	Month = NOV,
	Title = {Off by Default!},
	Year = 2005}

@article{ks05,
	Author = {L. Kissner and D. Song},
	Journal = {Advances in Cryptology - CRYPTO 2005},
	Month = AUG,
	Title = {Privacy-preserving set operations},
	Year = 2005}

@article{clcd:07,
	Author = {M. Chiang and S. H. Low and R. A. Calderbank and J. C. Doyle},
	Journal = {Proceedings of the IEEE},
	Month = JAN,
	Title = {Layering as optimization decomposition},
	Year = 2007}

@article{ufo,
	Author = {Yaping Zhu and Jennifer Rexford and Andy Bavier and Nick Feamster},
	Journal = CCR,
	Month = OCT,
	Title = {{UFO:} A resilient layered routing architecture},
	Year = 2008}

@article{openflow2,
	Author = {N. McKeown and T. Anderson and H. Balakrishnan and G. Parulkar and L. Peterson and J. Rexford and S. Shenker},
	Journal = CCR,
	Month = APR,
	Title = {OpenFlow: Enabling Innovation in Campus Networks},
	Year = 2008}

@inproceedings{openflow,
	Author = {N. McKeown and T. Anderson and H. Balakrishnan and G. Parulkar and L. Peterson and J. Rexford and S. Shenker},
	Booktitle = {{CCR}},
	Title = {{OpenFlow: Enabling} Innovation in Campus Networks},
	Year = 2008}

@article{4d,
	Author = {A. Greenberg and G. Hjalmtysson and D. Maltz and A. Meyers and J. Rexford and G. Xie and H. Yan and J. Zhan and H. Zhang},
	Journal = CCR,
	Month = OCT,
	Title = {A clean slate {4D} approach to network control and management},
	Year = 2005}

@article{rg07,
	Author = {J. Rintanen and A. Grastien},
	Journal = IJCAI,
	Month = JAN,
	Title = {Diagnosability Testing with Satisfiability Algorithms},
	Year = 2007}

@article{hh85,
	Author = {I. Halloun and D. Hestenes},
	Journal = {American Journal of Physics},
	Title = {The Initial Knowledge State of College Physics Students},
	Year = 1985}

@article{fci,
	Author = {D. Hestenes and M. Wells and G. Swackhamer},
	Journal = {The Physics Teacher},
	Note = {\url{http://modeling.asu.edu/R&E/FCI.PDF}},
	Title = {Force Concept Inventory},
	Year = 1992}

@article{hk+08,
	Author = {G. Herman and L. Kaczmarczyk and M. Loui and C. Zilles},
	Journal = {ICER},
	Title = {Proof by Incomplete Enumeration and Other Logical Misconceptions},
	Year = 2008}

@article{crisismgmtsw,
	Note = {\url{www.crisismanagementsoftware.com}},
	Title = {{Crisis Management Software LLC}},
	Year = 2010}

@article{asml,
	Author = {Y. Gurevich and M. Veanes and C. Wallace},
	Journal = {Elsevier Journal of Theoretical Computer Science},
	Title = {Can Abstract State Machines Be Useful in Language Theory?},
	Year = 2007}

@article{predrouting,
	Author = {T. Roscoe and S. Hand and R. Isaacs and R. Mortier and P. Jardetzky},
	Journal = CCR,
	Title = {Predicate routing: {Enabling} controlled networking},
	Year = 2003}

@article{wb+09,
	Author = {A. Wang and P. Basu and B. Loo and O. Sokolsky},
	Journal = {PADL},
	Month = JAN,
	Title = {Declarative Network Verification},
	Year = 2009}

@article{fr08,
	Author = {J. Fu and J. Rexford},
	Journal = CONEXT,
	Month = DEC,
	Title = {Efficient {IP}-address lookup with a shared forwarding table for multiple virtual routers},
	Year = 2008}

@article{uiucphysflash,
	Note = {\url{https://online-s.physics.uiuc.edu/courses/phys212/gtm/No_Login/page.html}},
	Title = {{UIUC} Physics Multimedia Learning Module},
	Year = 2010}

@article{clickers,
	Author = {M. Smith and W. Wood and W. Adams and C. Wieman and J. Knight and N. Guild and T. Su},
	Journal = {Science},
	Month = JAN,
	Number = 5910,
	Title = {Why Peer Discussion Improves Student Performance on In-Class Concept Questions},
	Volume = 323,
	Year = 2009}

@article{clickerfirat,
	Author = {M. Fatih Boyaci and F. Kiyak},
	Month = JUL,
	Note = {\url{http://www.cs.uiuc.edu/~caesar/iq/}},
	Title = {{iQ: An} interactive question reporting system for improving classroom interactions},
	Year = 2010}

@article{ty+07,
	Author = {L. Tan and D. Yuan and G. Krishna and Y. Zhou},
	Journal = SOSP,
	Month = OCT,
	Title = {{/*iComment: bugs or bad comments?*/}},
	Year = 2007}

@article{bethisrael,
	Note = {\url{http://home.caregroup.org/templatesnew/departments/BID/network_outage/}},
	Title = {{Beth Israel Deaconess Medical Center. Network} Outage Information},
	Year = 2009}

@article{ciscostpprob,
	Note = {\url{http://www.cisco.com/warp/public/473/16.html}},
	Title = {{Cisco Systems Inc.,} Spanning Tree Protocol Problems and Related Design Considerations},
	Year = 2010}

@article{cl85,
	Author = {K. M. Chandy and L. Lamport},
	Journal = IEEETN,
	Month = FEB,
	Title = {Distributed Snapshots: Determining Global States of Distributed Systems},
	Year = 1985}

@article{twelf,
	Author = {F. Pfenning and C. Schurmann},
	Journal = {Proceedings of the 16th International Conference on Automated Deduction (CADE-16)},
	Month = JUL,
	Pages = {202--206},
	Title = {Twelf - a meta-logical framework for deductive systems},
	Year = 1999}

@article{coq,
	Month = JUL,
	Note = {\url{http://www.lix.polytechnique.fr/coq/}},
	Title = {The {Coq} Proof Assistant},
	Year = 2010}

@article{flowcaml,
	Month = JUL,
	Note = {\url{http://cristal.inria.fr/~simonet/soft/flowcaml/}},
	Title = {Flow {Caml}},
	Year = 2010}

@article{isabelle,
	Month = JUL,
	Note = {\url{http://www.cl.cam.ac.uk/research/hvg/Isabelle/}},
	Title = {Isabelle (proof assistant software)},
	Year = 2010}

@article{p91,
	Author = {F. Pfenning},
	Journal = {Logical Frameworks},
	Publisher = {Cambridge University Press},
	Title = {Logic programming in the {LF} logical framework},
	Year = 1991}

@article{g07,
	Author = {J. K. Gilbert},
	Journal = {Research in Science Education},
	Month = JUN,
	Title = {The study of student misunderstandings in the physical sciences},
	Year = 2007}

@article{nh+07,
	Author = {S. Nelson and A. Harris and R. Kravets},
	Journal = {Challenged Networks},
	Month = SEP,
	Title = {Event-driven, role-based mobility in disaster recovery networks.},
	Year = 2007}

@article{l84,
	Author = {D. Lenat},
	Journal = {Contemporary Mathematics},
	Title = {Automated Theory Formation in Mathematics},
	Year = 1984}

@article{r78,
	Author = {R. Reiter},
	Journal = {IEEE Transactions on Computers},
	Month = APR,
	Title = {A Semantically Guided Deductive System for Automatic Theorem Proving},
	Year = 1978}

@article{servertech,
	Journal = {PROCESSOR},
	Month = JAN,
	Note = {\url{http://www.processor.com/editorial/article.asp?article=articles\%2Fp2801\%2F31p01\%2F31p01.asp}},
	Title = {Reducing Human Error in Data Centers},
	Year = 2006}

@article{gw02,
	Author = {T. Griffin and G. Wilfong},
	Journal = ICNP,
	Title = {Analysis of the {MED} Oscillation Problem in {BGP}},
	Year = 2002}

@article{g02,
	Author = {T. Griffin},
	Journal = {Presentation made at the Network Modeling and Simulation Summer Workshop},
	Title = {What is the sound of one route flapping?},
	Year = 2002}

@article{metarouting,
	Author = {T. Griffin and J. L. Sobrinho},
	Journal = SIGCOMM,
	Month = AUG,
	Title = {Metarouting},
	Year = 2005}

@article{mlcpp,
	Note = {\url{http://www.sgi.com/tech/mlc/}},
	Title = {Machine Learning Library in {C++}},
	Year = 2010}

@article{javaml,
	Note = {http://java-ml.sourceforge.net/},
	Title = {Java Machine Learning Library},
	Year = 2010}

@article{klee,
	Author = {C. Cadar and D. Dunbar and D. Engler},
	Journal = OSDI,
	Month = DEC,
	Title = {{KLEE: Unassisted} and Automatic Generation of High-Coverage Tests for Complex Systems Programs},
	Year = 2008}

@article{ck+07,
	Author = {W. Cui and J. Kannan and H. Wang},
	Journal = USENIX-SECURITY,
	Month = AUG,
	Title = {Automatic Protocol Description Generation from Network Traces},
	Year = 2007}

@article{ml+06,
	Author = {J. Ma and K. Levchenko and C. Kreibich and S. Savage and G. M. Voelker},
	Journal = IMC,
	Month = OCT,
	Title = {Unexpected Means of Protocol Inference},
	Year = 2006}

@article{kf+08a,
	Author = {K. Keahey and R. Figueiredo and J. Fortes and T. Freemand and M. Tsugawa},
	Journal = {Cloud Computing and its Applications (CCA)},
	Month = OCT,
	Title = {Science Clouds: {Early} Experiences in Cloud Computing for Scientific Applications},
	Year = 2008}

@article{berkeleyview,
	Author = {M. Armbrust and A. Fox and R. Griffith and A. Joseph and R. Katz and A. Konwinski and G. Lee and D. Patterson and A. Rabkin and I. Stoica and M. Zaharia},
	Journal = {University of California, Berkeley, Technical Report No. UCB/ EECS-2009-28},
	Month = FEB,
	Title = {Above the Clouds: A {Berkeley} View of Cloud Computing},
	Year = 2009}

@article{netfpga,
	Author = {J. Lockwood and N. McKeown and G. Watson and G. Gibb and P. Hartke and J. Naous and R. Raghuraman and J. Luo},
	Journal = {IEEE Microelectronic Systems Education},
	Month = DEC,
	Note = {\url{http://netfpga.org}},
	Title = {{NetFPGA} - an open platform for gigabit-rate network switching and routing},
	Year = 2007}

@article{sb+05,
	Author = {B. Sundararaman and U. Buy and A. D. Kshemkalyani},
	Journal = {Ad-Hoc Networks},
	Month = MAY,
	Number = 3,
	Pages = {281--323},
	Title = {Clock Synchronization for Wireless Sensor Networks: A Survey},
	Volume = 3,
	Year = 2005}

@article{802.11,
	Journal = {IEEE Std. 802.11},
	Month = NOV,
	Title = {{Wireless LAN Medium Access Control (MAC) and Physical Layer (PHY)} Specifications},
	Year = 1997}

@article{mf+00,
	Author = {M. Mock and R. Frings and E. Nett and S. Trikaliotis},
	Journal = {IEEE Symposium on Reliable Distributed Systems},
	Month = OCT,
	Title = {Continuous Clock Synchronization in Wireless Real-time Applications},
	Year = 2000}

@article{l05,
	Author = {T. H. Feng and E. A. Lee},
	Journal = RTAS,
	Month = APR,
	Title = {Real-Time Distributed Discrete-Event Execution with Fault Tolerance},
	Year = 2008}

@article{ieee1588,
	Author = {J. Eidson and K. Lee},
	Journal = {Sensors for Industry Conference},
	Month = NOV,
	Pages = {98-105},
	Title = {{IEEE 1588} standard for a precision clock synchronization protocol for networked measurement and control systems},
	Year = 2002}

@article{hm+08,
	Author = {B. Hamilton and X. Ma and Q. Zhao and J. Xu},
	Journal = MOBICOM,
	Month = SEP,
	Title = {{ACES:} Adaptive Clock Estimation and Synchronization Using {Kalman} Filtering},
	Year = 2008}

@article{ky+05,
	Author = {R. Kompella and Y. Yates and A. Greenberg and A. Snoeren},
	Journal = NSDI,
	Month = MAY,
	Title = {{IP} Fault Localization via Risk Modeling},
	Year = 2005}

@article{Sekar-USENIX-06,
	Author = {Vyas Sekar and Nick G. Duffield and Oliver Spatscheck and Jacobus E. van der Merwe and Hui Zhang},
	Ee = {http://www.usenix.org/events/usenix06/tech/sekar.html},
	Journal = {USENIX Technical Conference},
	Title = {{LADS}: Large-scale Automated {DDoS} Detection System},
	Year = {2006}}

@article{zl+07,
	Author = {Y. Zhao and J. Liu and E. A. Lee},
	Journal = RTAS,
	Month = APR,
	Title = {A Programming Model for Time-Synchronized Distributed Real-Time Systems},
	Year = 2007}

@book{dsair,
	Author = {R. Dismukes and G. Smith},
	Publisher = {Ashgate},
	Title = {Facilitation and Debriefing in Aviation Training and Operations},
	Year = 2000}

@article{amazoncc,
	Month = MAY,
	Note = {\url{http://aws.amazon.com}},
	Title = {Amazon web services, {Amazon} elastic compute cloud ({Amazon EC2})},
	Year = 2007}

@article{hb+0q,
	Author = {K. Harris and S. Balasubramanian and A. Moldavansky},
	Note = {National Institute of Standards and Technology (NIST), \url{http://ieee1588.nist.gov/z_RA_2_Motion_Control_Application_Using_1588.pdf}},
	Title = {The Application of {IEEE} 1588 to a Distributed Motion Control System}}

@book{itpbook,
	Author = {Y. Bertot and P. Casteran and G. Huet and C. Paulin-Mohring and P. Casttran},
	Publisher = SPRINGER,
	Title = {Interactive Theorem Proving and Program Development},
	Year = 2004}

@article{hol4,
	Month = JUL,
	Note = {\url{http://hol.sourceforge.net/}},
	Title = {HOL 4 (interactive proof assistant)},
	Year = 2009}

@article{gp+02,
	Author = {E. Gunter and D. Peled},
	Journal = {TACAS},
	Month = APR,
	Title = {Temporal Debugging for Concurrent Systems},
	Year = 2002}

@article{fw+94,
	Author = {M. Frey and A. Weininger},
	Journal = {20th EUROMICRO Conference},
	Month = SEP,
	Title = {A temporal logic language for debugging parallel programs},
	Year = 1994}

@article{mapreduce,
	Author = {J. Dean and S. Ghemawat},
	Journal = OSDI,
	Month = DEC,
	Title = {MapReduce: Simplified Data Processing on Large Clusters},
	Year = 2004}

@article{akamaibug04,
	Author = {J. Borland},
	Month = MAY,
	Note = {\url{http://news.cnet.com/Akamai-glitch-slows-sites/2110-1038_3-5219297.html}},
	Title = {Akamai glitch slows sites},
	Year = 2004}

@article{googlebug09b,
	Author = {J. Raphael},
	Journal = {PC World (magazine)},
	Month = MAY,
	Note = {\url{http://www.pcworld.com/article/164891/google_suffers_widespread_outage_quick_fix_promised.html?tk=rel_news}},
	Title = {Google Suffers Widespread Outage: Quick Fix Promised},
	Year = 2009}

@article{googlebug09,
	Author = {J. Raphael},
	Journal = {PC World (magazine)},
	Month = MAY,
	Note = {\url{http://www.pcworld.com/article/164904/google_says_outage_caused_by_traffic_routing_error.html?tk=rel_news}},
	Title = {Google Says Outage Caused By Traffic Routing Error},
	Year = 2009}

@article{letter-rothxx,
	Author = {D. Roth},
	Note = {Letter of support from UIUC Natural Language Processing Group (included in Supporting Documents)}}

@article{letter-kalmanek,
	Author = {Charles Kalmanek},
	Note = {Letter of support from AT\&T Labs (included in Supporting Documents)}}

@article{letter-broberg,
	Author = {Robert Broberg},
	Note = {Letter of support from Cisco Research (included in Supporting Documents)}}

@article{letter-jrex,
	Author = {J. Rexford},
	Note = {Letter of support from Princeton University (included in Supporting Documents)}}

@article{letter-jiaweixx,
	Author = {J. Han},
	Note = {Letter of support from UIUC Data Mining Group (included in Supporting Documents)}}

@article{letter-heath,
	Author = {R. Rutenbar},
	Note = {Letter of UIUC CS departmental support (included in Supporting Documents)}}

@article{ciscoquash,
	Author = {P. Roberts},
	Journal = {eWEEK (Ziff Davis Inc.)},
	Month = JUL,
	Title = {Cisco tries to quash vulnerability talk at {Black Hat}},
	Year = 2005}

@article{ibmpdb,
	Month = JUL,
	Note = {\url{http://publib.boulder.ibm.com/infocenter/clresctr/vxrx/index.jsp?topic=/com.ibm.cluster.pe_linux43.opuse.doc/am102_pdbman.html}},
	Title = {{PDB} parallel debugger},
	Year = 2009}

@article{am00,
	Author = {L. Albertsson and P. Magnusson},
	Journal = {8th International Symposium on Modeling, Analysis and Simulation of Computer and Telecommunication Systems (MASCOTS)},
	Month = OCT,
	Title = {Using Complete System Simulation for Temporal Debugging of General Purpose Operating Systems and Workloads},
	Year = 2002}

@article{ll+09,
	Author = {X. Li and Z. Li and J. Han and J.-G. Lee},
	Journal = {Int. Conf. on Data Engineering (ICDE)},
	Month = MAR,
	Title = {Temporal Outlier Detection in Vehicle Traffic Data},
	Year = 2009}

@article{kl+08,
	Author = {M. Khan and H. Le and H. Ahmadi and T. Abdelzaher and J. Han},
	Journal = SENSYS,
	Month = NOV,
	Title = {Dustminer: Troubleshooting Interactive Complexity Bugs in Sensor Networks},
	Year = 2008}

@article{mg+08,
	Author = {M. Masud and J. Gao and L. Khan and J. Han},
	Journal = ICDM,
	Month = DEC,
	Title = {A Practical Approach to Classify Evolving Data Streams: {Training} with Limited Amount of Labeled Data},
	Year = 2008}

@article{zz+06,
	Author = {Y. Zheng and X. Zhou and G. Bogdan and S. Zhou and D. Comaniciu},
	Journal = {European Conference on Computer Vision},
	Month = MAY,
	Title = {Example Based Non-rigid Shape Detection},
	Year = 2006}

@article{cn+07,
	Author = {Y. Chen and M. Nascimento†and B. Ooi and A. Tung},
	Journal = {Proceedings of the 23rd International Conference on Data Engineering},
	Month = APR,
	Title = {SpADe: On Shape-based Pattern Detection in Streaming Time Series},
	Year = 2007}

@article{ps+05,
	Author = {S. Papadimitriou and J. Sun and C. Faloutsos},
	Journal = VLDB,
	Month = SEP,
	Title = {Streaming Pattern Discovery in Multiple Time-Series},
	Year = 2005}

@article{openvz,
	Month = JUL,
	Note = {\url{http://wiki.openvz.org}},
	Title = {{OpenVZ} Wiki},
	Year = 2009}

@article{h99,
	Author = {T. Hofmann},
	Journal = {22nd International Conference on Research and Development in Information Retrieval (SIGIR)},
	Month = AUG,
	Title = {Probabilisitic Latent Semantic Indexing},
	Year = 1999}

@article{xm+05,
	Author = {T. Xie and D. Marinov and W. Schulte and D. Notkin},
	Journal = {11th International Conference on Tools and Algorithms for the Construction and Analysis of Systems (TACAS)},
	Month = APR,
	Title = {Symstra: A framework for generating object-oriented unit tests using symbolic execution},
	Year = 2005}

@article{p2software,
	Month = JUL,
	Note = {\url{http://p2.cs.berkeley.edu/p2sw.php}},
	Title = {P2: Declarative Networking: Software Downloads},
	Year = 2009}

@article{xtrace,
	Author = {R. Fonseca and G. Porter and R. Katz and S. Shenker and I. Stoica},
	Journal = NSDI,
	Month = APR,
	Title = {X-Trace: A Pervasive Network Tracing Framework},
	Year = 2007}

@article{rfcstyle,
	Author = {R. Braden and S. Ginoza and A. Hagens},
	Howpublished = {IETF document},
	Month = NOV,
	Note = {\url{http://www.rfc-editor.org/rfc-style-guide/rfc-style-manual-08.txt}},
	Title = {{RFC} Document Style},
	Year = 2007}

@article{zv+04,
	Author = {C. Zhai and A. Velivelli and B. Yu},
	Journal = {KDD},
	Month = AUG,
	Title = {A Cross-Collection Mixture Model for Comparative Text Mining},
	Year = 2004}

@article{mz06,
	Author = {Q. Mei and C. Zhai},
	Journal = {KDD},
	Month = AUG,
	Title = {A mixture model for contextual text mining},
	Year = 2006}

@article{ik+00,
	Author = {P. Indyk and N. Koudas and S. Muthukrishnan},
	Journal = VLDB,
	Month = SEP,
	Title = {Identifying Representative Trends in Massive Time Series Data Sets Using Sketches},
	Year = 2000}

@article{lt+05,
	Author = {Y. Liu and D. Towsley and T. Ye and J. Bolot},
	Journal = IMC,
	Month = OCT,
	Title = {An Information-theoretic Approach to Network Monitoring and Measurement},
	Year = 2005}

@article{tr+07,
	Author = {R. Thompson and R. Rantanen and W. Yurcik and B. Bailey},
	Journal = {Conference on Human Factors in Computing Systems},
	Month = MAY,
	Title = {Command line or pretty lines?: comparing textual and visual interfaces for intrusion detection},
	Year = 2007}

@article{bi08,
	Author = {B. Bailey and S. Iqbal},
	Journal = {ACM Transactions on Computer-Human Interaction},
	Title = {Understanding Changes in Mental Workload During Execution of Goal-directed Tasks and Its Application for Interruption Management},
	Year = 2008}

@article{p96,
	Author = {D. Powell},
	Journal = {Communications of the ACM},
	Month = APR,
	Title = {Introduction to Special Section on Group Communication},
	Year = 1996}

@article{dm96,
	Author = {D. Dolev and D. Malkhi},
	Journal = {Communications of the ACM},
	Month = APR,
	Title = {The {Transis} Approach to High Availability Cluster Communication},
	Year = 1996}

@article{stanfordvns,
	Month = JUL,
	Note = {\url{http://yuba.stanford.edu/vns/}},
	Title = {{Virtual Network System (VNS)}},
	Year = 2010}

@article{rm+07,
	Author = {R. Rajendran and V. Misra and D. Rubenstein},
	Journal = SIGMETRICS,
	Month = JUN,
	Title = {Theoretical Bounds on Control-Plane Self-Monitoring in Routing Protocols},
	Year = 2007}

@article{zm+07,
	Author = {Y. Zhang and Z. Mao and J. Wang},
	Journal = {DSN-DCCS},
	Month = JUN,
	Title = {A Firewall for Routers: Protecting Against Routing Misbehavior},
	Year = 2007}

@article{ck+02,
	Author = {M. Chen and E. Kiciman and E. Fratkin and A. Fox and E. Brewer},
	Journal = DSN,
	Month = JUN,
	Title = {{Pinpoint: Problem} Determination in Large, Dynamic {Internet} Services},
	Year = 2002}

@article{vs+06,
	Author = {P. Verkaik and O. Spatscheck and J. van der Merwe and A. Snoeren},
	Journal = {SIGCOMM Workshop on Large Scale Attack Defense (LSAD)},
	Month = SEP,
	Title = {{PRIMED: A} Community-of-Interest-Based {DDoS} Mitigation System},
	Year = 2006}

@article{ss+07,
	Author = {A. Soule and F. Silveira and H. Ringberg and C. Diot},
	Journal = IMC,
	Month = OCT,
	Title = {Challenging the supremacy of traffic matrices in anomaly detection},
	Year = 2007}

@article{bgprcn,
	Author = {D. Pei and M. Azuma and D. Massey and L. Zhang},
	Journal = {Computer Networks},
	Month = JUN,
	Number = 2,
	Title = {{BGP-RCN: Improving BGP} Convergence Through Root Cause Notification},
	Volume = 48,
	Year = 2005}

@article{ck+03,
	Author = {M. Chen and E. Kiciman and A. Accardi and A. Fox and E. Brewer},
	Journal = HOTOS,
	Month = MAY,
	Title = {Using Runtime Paths for Macroanalysis},
	Year = 2003}

@article{yd+00,
	Author = {K. Yaghmour and M. Dagenais},
	Journal = USENIXATC,
	Month = JUN,
	Title = {Measuring and characterizing system behavior using kernel-level event logging},
	Year = 2000}

@article{illimine,
	Month = JUL,
	Note = {\url{http://illimine.cs.uiuc.edu/}},
	Title = {IlliMine (open-source data mining package)},
	Year = 2010}

@article{uiucnlptools,
	Month = JUL,
	Note = {\url{http://l2r.cs.uiuc.edu/~cogcomp/tools.php}},
	Title = {{NLP} Tools},
	Year = 2010}

@article{uiuceoh,
	Month = JUL,
	Note = {\url{http://eoh.ec.uiuc.edu} (see also \url{http://engineering.illinois.edu/news/archive/index.php?xId=0637078407420728})},
	Title = {Engineering Open House 2010},
	Year = 2010}

@article{uiucgames,
	Month = JUL,
	Note = {\url{http://engineering.illinois.edu/wie/games/})},
	Title = {{G.A.M.E.S. (Girls Adventures in Mathematics, Engineering, and Science)}},
	Year = 2010}

@article{planetlab,
	Month = JUL,
	Note = {\url{http://www.planet-lab.org}},
	Title = {{PlanetLab} | {An} open platform for developing, deploying, and accessing planetary-scale services},
	Year = 2010}

@article{fr+05,
	Author = {V. Punyakanok and D. Roth and W. Yih},
	Journal = IJCAI,
	Month = AUG,
	Title = {The necessity of syntactic parsing for semantic role labeling},
	Year = 2005}

@book{manning:98,
	Author = {C. D. Manning and H. Schutze},
	Publisher = {{The MIT Press}},
	Title = {Foundations Of Statistical Natural Language Processing},
	Year = 2001}

@article{sketchtalk,
	Author = {G. Michailidis},
	Journal = {DIMACS Workshop},
	Month = MAR,
	Note = {\url{dimacs.rutgers.edu/Workshops/UnifyingTheory/Slides/michailidis.pdf}},
	Title = {Identifiability in Network Tomography under Dependence},
	Year = 2009}

@article{im08,
	Author = {P. Indyk and A. McGregor},
	Journal = SODA,
	Month = JAN,
	Title = {Declaring independence via the sketching of sketches},
	Year = 2008}

@article{d04,
	Author = {D. Donoho},
	Journal = {IEEE Transactions on Information Theory},
	Month = APR,
	Title = {Compressed Sensing},
	Year = 2006}

@article{pip,
	Author = {P. Reynolds and C. Killian and J. Wiener and J. Mogul and M. Shah and A. Vahdat},
	Journal = NSDI,
	Month = MAY,
	Title = {Pip: Detecting the Unexpected in Distributed Systems},
	Year = 2006}

@article{hl+05,
	Author = {N. Hu and L. Li and Z. Mao and P. Steenkiste and J. Wang},
	Journal = INFOCOM,
	Month = MAR,
	Title = {A Measurement Study of {Internet} Bottlenecks},
	Year = 2005}

@article{dp+06,
	Author = {N. Duffield and F. Lo Presti and V. Paxson and D. Towsley},
	Journal = IEEETN,
	Month = AUG,
	Title = {Network Loss Tomography Using Striped Unicast Probes},
	Year = 2006}

@article{tv08,
	Author = {P. Tune and D. Veitch},
	Journal = IMC,
	Month = OCT,
	Title = {Towards optimal sampling for flow size estimation},
	Year = 2008}

@article{paristraceroute,
	Author = {B. Augustin and X. Cuvellier and B. Orgogozo and F. Viger and T. Friedman and M. Latapy and C. Magnien and R. Teixeira},
	Journal = IMC,
	Month = OCT,
	Title = {Avoiding traceroute anomalies with {Paris} traceroute},
	Year = 2006}

@article{traceroute,
	Author = {V. Jacobson},
	Month = FEB,
	Note = {\url{ftp://ftp.ee.lbl.gov/traceroute.tar.gz}},
	Title = {traceroute},
	Year = 1989}

@article{bm+06,
	Author = {F. Baccelli and S. Machiraju and D. Veitch and J. Bolot},
	Journal = SIGCOMM,
	Month = SEP,
	Title = {The role of {PASTA} in network measurement},
	Year = 2006}

@article{ms+08,
	Author = {G. Maier and R. Sommer and H. Dreger and A. Feldmann and V. Paxson and F. Schneider},
	Journal = SIGCOMM,
	Month = AUG,
	Title = {Enriching Network Security Analysis with Time Travel},
	Year = 2008}

@article{kc+08,
	Author = {S. Kandula and R. Chandra and D. Katabi},
	Journal = SIGCOMM,
	Month = AUG,
	Title = {What's Going On? {Learning} Communication Rules in Edge Networks},
	Year = 2008}

@article{xc+05,
	Author = {K. Xu and J. Chandrashekar and Z. Zhang},
	Journal = {Sigcomm 2005 Workshop on Mining Network Data},
	Month = AUG,
	Title = {A First Step Toward Understanding Inter-Domain Routing Dynamics},
	Year = 2005}

@article{kj+06,
	Author = {J. Kannan and J. Jung and V. Paxson and C. Koksal},
	Journal = IMC,
	Month = OCT,
	Title = {Semi-Automated Discovery of Application Session Structure},
	Year = 2006}

@article{md+08,
	Author = {L. Mendes and B. Ding and J. Han},
	Journal = ICDM,
	Month = DEC,
	Title = {Stream Sequential Pattern Mining with Precise Error Bounds},
	Year = 2008}

@article{mm+07,
	Author = {A. Mizrak and S. Savage and K. Marzullo},
	Journal = {Special issue of IEEE Network on {Internet} Scalability: Properties and Evolution},
	Month = {March/April},
	Title = {Detecting Compromised Routers via Packet Forwarding Behavior},
	Year = 2008}

@article{lu+06,
	Author = {Y. Li and S. Uttamchandani and R. Katz},
	Journal = {Modeling, Analysis, and Simulation of Computer and Telecommunication Systems (MASCOTS)},
	Month = SEP,
	Title = {An Empirical Exploration of Black-Box Performance Models for Storage Systems},
	Year = 2006}

@article{dt+07,
	Author = {A. Dhamdhere and R. Teixeira and C. Dovrolis and C. Diot},
	Journal = CONEXT,
	Month = DEC,
	Title = {{NetDiagnoser: Troubleshooting} Network Unreachabilities using End-to-end Probes and Routing Data},
	Year = 2007}

@article{my+08,
	Author = {A. Mahimkar and J. Yates and Y. Zhang and A. Shaikh and J. Wang and Z. Ge and C. Ee},
	Journal = CONEXT,
	Month = DEC,
	Title = {Troubleshooting Chronic Conditions in Large {IP} Networks},
	Year = 2008}

@article{sl+05,
	Author = {A. Soule and A. Lakhina and N. Taft and K. Papagiannaki and K. Salamatian and A. Nucci and M. Crovella and C. Diot},
	Journal = SIGMETRICS,
	Month = JUN,
	Title = {Traffic Matrices: {Balancing} Measurements, Inference and Modeling},
	Year = 2005}

@article{hn+06,
	Author = {L. Huang and X. Nguyen and M. Garofalakis and A. Joseph and M. Jordan and N. Taft},
	Journal = NIPS,
	Month = DEC,
	Title = {In-Network PCA and Anomaly Detection},
	Year = 2006}

@article{kv03,
	Author = {C. Kruegel and G. Vigna},
	Journal = CCS,
	Month = OCT,
	Title = {Anomaly Detection of Web-based Attacks},
	Year = 2003}

@article{ws04,
	Author = {K. Wang and S. Stolfo},
	Journal = {Recent Advances in Intrusion Detection (RAID)},
	Month = SEP,
	Title = {Anomalous Payload-based Network Intrusion Detection},
	Year = 2004}

@article{sympathy,
	Author = {N. Ramanathan and K. Chang R. Kapur and L. Girod and E. Kohler and D. Estrin},
	Journal = SENSYS,
	Month = NOV,
	Title = {Sympathy for the Sensor Network Debugger},
	Year = 2005}

@article{cg+03,
	Author = {D. Chang and R. Govindan and J. Heidemann},
	Journal = ICNP,
	Month = NOV,
	Title = {The Temporal and Topological Characteristics of {BGP} Path Changes},
	Year = 2003}

@article{lb+06,
	Author = {X. Li and F. Bian and H. Zhang and C. Diot and R. Govindan and W. Hong and G. Iannaccone},
	Journal = INFOCOM,
	Month = APR,
	Title = {MIND: A Distributed Multi-Dimensional Indexing System for Network Diagnosis},
	Year = 2006}

@article{mg08,
	Author = {N. Kothari and T. Millstein and R. Govindan},
	Journal = IPSN,
	Month = APR,
	Title = {Deriving State Machines from TinyOS Programs Using Symbolic Execution},
	Year = 2008}

@article{ai+02,
	Author = {K. Anagnostakis and S. Ioannidis and M. Greenwald and J. Smith},
	Journal = NOMS,
	Month = APR,
	Title = {Efficient Packet Monitoring for Network Management},
	Year = 2002}

@article{w97,
	Author = {R. Wolski},
	Journal = {IEEE Symposium on High Performance Distributed Computing},
	Month = AUG,
	Title = {Forecasting Network Performance to Support Dynamic Scheduling Using the Network Weather Service},
	Year = 1997}

@article{aids,
	Author = {J. Hart},
	Journal = {ACM SIGPLAN Notices},
	Month = DEC,
	Title = {The Advanced Interactive Debugging System},
	Year = 1979}

@article{ps+85,
	Author = {S. Panchapakesan and S. Subramanian and H. Venkateswaran},
	Journal = {Software - Practice and Experience},
	Month = JAN,
	Title = {An Interactive Assembly Level Debugging System},
	Year = 1985}

@article{sf+94,
	Author = {P. Sorel and M. Fernandez and S. Ghosh},
	Journal = {IEEE Software},
	Month = JAN,
	Title = {A dynamic debugger for asynchronous distributed algorithms},
	Year = 1994}

@article{mh89,
	Author = {D. McDowell and D. Helmbold},
	Journal = {ACM Computing Surveys},
	Month = DEC,
	Title = {Debugging concurrent programs},
	Year = 1989}

@article{mc88,
	Author = {B. Miller and J. Choi},
	Journal = ICDCS,
	Month = JUN,
	Title = {Breakpoints and Halting in Distributed Programs},
	Year = 200}

@article{gdb,
	Month = JUL,
	Note = {\url{www.gnu.org/software/gdb/gdb.html}},
	Title = {{GDB: The GNU Project Debugger}},
	Year = 2010}

@article{kk04,
	Author = {H. Kim and B. Karp},
	Journal = USENIX-SECURITY,
	Month = AUG,
	Title = {Autograph: Toward Automated, Distributed Worm Signature Detection},
	Year = 2004}

@article{p90,
	Author = {V. Paxson},
	Month = OCT,
	Note = {\url{www.icir.org/vern/papers/debug-support.pdf}},
	Title = {A Survey of Support for Implementing Debuggers},
	Year = 1990}

@article{hl02,
	Author = {S. Hangal and M. Lam},
	Journal = {22rd International Conference on Software Engineering (ICSE)},
	Month = MAY,
	Title = {Tracking Down Software Bugs Using Automatic Anomaly Detection},
	Year = 2002}

@article{uiuccct-old,
	Journal = {BBC News},
	Month = JUL,
	Note = {\url{http://news.bbc.co.uk/2/hi/technology/7531352.stm}},
	Title = {{HP, Intel, Yahoo in cloud tie-up}},
	Year = 2008}

@article{uiuccctweb,
	Month = JUL,
	Note = {\url{http://cloud.cs.illinois.edu}},
	Title = {Illinois Cloud Computing Testbed},
	Year = 2010}

@article{cr+08,
	Author = {B. Chun and S. Ratnasamy and E. Kohler},
	Journal = NSDI,
	Month = APR,
	Title = {{NetComplex: A} complexity metric for networked system designs},
	Year = 2008}

@article{bbugs,
	Author = {M. Newman},
	Journal = {NIST News Release},
	Month = OCT,
	Note = {\url{http://www.nist.gov/public_affairs/releases/n02-10.htm}},
	Title = {Software Errors Cost {U.S.} Economy \$59.5 Billion Annually},
	Year = 2002}

@article{coq-extract,
	Month = JUL,
	Note = {\url{http://coq.inria.fr/coq/distrib/current/refman/Reference-Manual027.html}},
	Title = {The {Coq} Proof Assistant - User Manual (Chapter 21: Extraction of programs in Objective Caml and Haskell)},
	Year = 2010}

@article{krakatoa,
	Month = JUL,
	Note = {\url{http://krakatoa.lri.fr/}},
	Title = {Krakatoa: a verification tool for {Java} programs},
	Year = 2010}

@article{mp+05,
	Author = {C. March\'{e} and C. Paulin-Mohring},
	Journal = {18th International Conference on Theorem Proving in Higher Order Logics},
	Month = AUG,
	Title = {Reasoning about Java Programs with Aliasing and Frame Conditions},
	Year = 2005}

@article{jh+05,
	Author = {J. Julia and J. Hirschberg and J. Venditti},
	Journal = {Eurospeech},
	Month = SEP,
	Title = {Detecting Certainness in Spoken Tutorial Dialogues},
	Year = 2005}

@article{es+07,
	Author = {F. Enos and E. Shriberg and M. Graciarena and J. Hirschberg and A. Stolcke},
	Journal = {Interspeech},
	Month = AUG,
	Title = {Detecting deception using critical segments},
	Year = 2007}

@article{dm84,
	Author = {A. Dahbura and G. Masson},
	Journal = IEEETCOMP,
	Month = JUN,
	Title = {An {O}($n^{2.5}$) Fault Identification Algorithm for Diagnosable Systems},
	Year = 1984}

@article{ks95,
	Author = {I. Katzela and M. Schwartz},
	Journal = IEEETN,
	Title = {Schemes for Fault Identification in Communication Networks},
	Year = 1995}

@article{cg+96,
	Author = {A. Cohn and Z. Ghahramani and M. Jordan},
	Journal = {Journal of Artificial Intelligence Research},
	Pages = {129--145},
	Title = {Active learning with statistical models},
	Volume = 4,
	Year = 1996}

@article{mm+02,
	Author = {I. Muslea and S. Minton and C. Knoblock},
	Journal = {Proceedings of ICML-02, 19th International Conference on Machine Learning},
	Month = JUL,
	Pages = {435--442},
	Title = {Active + semi-supervised learning = robust multi-view learning},
	Year = 2002}

@article{aw+08,
	Author = {R. Alimi and Y. Wang and Y. Yang},
	Journal = SIGCOMM,
	Month = AUG,
	Title = {Shadow Configuration as a Network Management Primitive},
	Year = 2008}

@article{cm+09,
	Author = {X. Chen and Z. Mao and J. Van der Merwe},
	Journal = USENIXATC,
	Month = JUN,
	Title = {ShadowNet: A Platform for Rapid and Safe Network Evolution},
	Year = 2009}

@article{chopstix,
	Author = {S. Bhatia and A. Kumar and M. Fiuczynski and L. Peterson},
	Journal = OSDI,
	Month = DEC,
	Title = {Lightweight, high-resolution monitoring for troubleshooting production systems},
	Year = 2008}

@article{lz+09,
	Author = {Y. Lu and C. Zhai and N. Sundaresan},
	Journal = WWW,
	Month = APR,
	Title = {Rated Aspect Summarization of Short Comments},
	Year = 2009}

@article{pe05,
	Author = {A.-M. and O. Etzioni},
	Journal = {Conference on Human Language Technology and Empirical Methods in Natural Language Processing},
	Month = OCT,
	Pages = {339--346},
	Title = {Extracting product features and opinions from reviews},
	Year = 2005}

@article{jflow,
	Author = {A. C. Myers},
	Journal = {POPL},
	Month = JAN,
	Title = {{JFlow:} Practical Mostly-Static Information Flow Control},
	Year = 1999}

@article{d76,
	Author = {D. E. Denning},
	Journal = CACM,
	Number = 5,
	Pages = {236--243},
	Title = {A Lattice Model of Secure Information Flow},
	Volume = 19,
	Year = 1976}

@article{ka+09,
	Author = {Mohammad Khan and Tarek Abdelzaher and Jiawei Han and Hossein Ahmadi},
	Journal = {Distributed Computing in Sensor Systems (DCOSS)},
	Month = JUN,
	Title = {Finding Symbolic Bug Patterns in Sensor Networks},
	Year = 2009}

@article{decor:presto:2009,
	Author = {X. Chen and Y. Mao and Z. Mao and J. van der Merwe},
	Journal = PRESTO,
	Month = AUG,
	Title = {DECOR: DEClaritive network management and OpeRation},
	Year = 2009}

@article{kl+09,
	Author = {R. Kompella and K. Levchenko and A. Snoeren and G. Varghese},
	Journal = SIGCOMM,
	Month = AUG,
	Title = {Every Microsecond Counts: {Tracking} Fine-Grain Latencies with a	Lossy Difference Aggregator},
	Year = 2009}

@article{vrr-trends,
	Author = {Dahlia Malkhi and Siddhartha Sen and Kunal Talwar and Renato Fonseca F. Werneck and Udi Wieder},
	Journal = {DISC},
	Pages = {392-406},
	Title = {Virtual Ring Routing Trends},
	Year = {2009}}

@article{whanau:nsdi10,
	Author = {Chris Lesniewski-Laas and M. Frans Kaashoek},
	Journal = {NSDI},
	Title = {Whanaungatanga: A {Sybil-proof} Distributed Hash Table},
	Year = {2010}}

@article{sybillimit,
	Author = {H. Yu and P. Gibbons and M. Kaminsky and F. Xiao},
	Journal = {IEEE Security and Privacy},
	Title = {{SybilLimit: A} Near-Optimal Social Network Defense against	 Sybil	Attacks}}

@article{sybilinfer,
	Author = {G. Danezis and P. Mittal},
	Journal = {NDSS},
	Title = {{SybilInfer: Detecting} Sybil Nodes using Social Networks},
	Year = 2009}

@article{sybilguard,
	Author = {H. Yu and M. Kaminsky and P. Gibbons and A. Flaxman},
	Journal = {SIGCOMM},
	Title = {{SybilGuard: Defending} Against {Sybil} Attacks via Social Networks},
	Year = 2006}

@article{tightlip,
	Author = {A. Yumerefendi and B. Mickle and L. Cox},
	Journal = NSDI,
	Month = APR,
	Title = {{TightLip: Keeping} applications from spilling the beans},
	Year = 2007}

@misc{google,
	Title = {Google Social Search. http://www.google.com/experimental/}}

@misc{youtube,
	Title = {YouTube. http://www.youtube.com/}}

@misc{netflix,
	Title = {Netflix. http://www.netflix.com/}}

@misc{flickr,
	Title = {Flickr. http://www.flickr.com/}}

@misc{digg,
	Title = {Digg. http://www.digg.com/}}

@article{netreview,
	Author = {A. Haeberlen and I. Avramopoulos and J. Rexford and P. Druschel},
	Journal = NSDI,
	Month = APR,
	Title = {{NetReview: Detecting} when interdomain routing goes wrong},
	Year = 2009}

@article{peerreview,
	Author = {A. Haeberlen and P. Kuznetsov and P. Druschel},
	Journal = SOSP,
	Month = OCT,
	Title = {{PeerReview: Practical} Accountability for Distributed Systems},
	Year = 2007}

@article{paillier,
	Author = {Pascal Paillier},
	Journal = EUROCRYPT,
	Month = MAY,
	Title = {Public-Key Cryptosystems Based on Composite Degree Residuosity Classes},
	Year = 1999}

@article{anomaly:adjacentnw,
	Author = {Augustin Soule and Haakon Ringberg and Fernando Silveira and Jennifer Rexford and Christophe Diot},
	Date-Modified = {2007-02-06 11:19:15 +0100},
	Journal = {Passive And Active Measurement Conference},
	Title = {Detectability of Traffic Anomalies in Two Adjacent Networks},
	Url = {http://www.thlab.net/~asoule/publications/papers/soule-pam-07.pdf},
	Year = {2007},
	Bdsk-Url-1 = {http://www.thlab.net/~asoule/publications/papers/soule-pam-07.pdf}}

@article{yao:smc,
	Author = {Andrew Chi-Chih Yao},
	Bibsource = {DBLP, http://dblp.uni-trier.de},
	Crossref = {DBLP:conf/focs/FOCS23},
	Journal = {FOCS},
	Pages = {160-164},
	Title = {Protocols for Secure Computations (Extended Abstract)},
	Year = {1982}}

@article{hipaa,
	Month = OCT,
	Title = {{Health Insurance Portability and Accountability Act (HIPAA) of 1996 (P.L.104-191) [HIPAA], Title 45, Subtitle A, Part 164 (Security and Privacy)}},
	Url = {\url{http://frwebgate.access.gpo.gov/cgi-bin/get-cfr.cgi?YEAR=current&TITLE=45&PART=164&SECTION=501&SUBPART=&TYPE=TEXT}},
	Year = 2009,
	Bdsk-Url-1 = {http://frwebgate.access.gpo.gov/cgi-bin/get-cfr.cgi?YEAR=current&TITLE=45&PART=164&SECTION=501&SUBPART=&TYPE=TEXT}}

@article{vishwanath-wosn09,
	Author = {Bimal Viswanath and Alan Mislove and Meeyoung Cha and Krishna P. Gummadi},
	Journal = {WOSN},
	Location = {Barcelona, Spain},
	Month = {August},
	Title = {On the Evolution of User Interaction in Facebook},
	Year = {2009}}

@article{friendstore,
	Author = {Dinh Nguyen Tran and Frank Chiang and Jinyang Li},
	Journal = {{First International Workshop on Social Network Systems}},
	Month = APR,
	Title = {{Friendstore: Cooperative} online backup using trusted nodes},
	Year = 2008}

@article{alg:ccipca,
	Author = {Juyang Weng and Yilu Zhang and Wey-Shiuan Hwang},
	Journal = {IEEE Transactions on Pattern Analysis and Machine Intelligence},
	Title = {Candid Covariance-Free Incremental Principal Component Analysis},
	Year = {2003}}

@article{eigenspeed,
	Author = {R. Snader and N. Borisov},
	Journal = IPTPS,
	Month = APR,
	Title = {EigenSpeed: Secure Peer-to-peer Bandwidth Evaluation},
	Year = 2009}

@article{rn+09,
	Author = {B. Rubenstein and B. Nelson and L. Huang and A. Joseph and S. Lau and S. Rao and N. Taft and D. Tygar},
	Journal = IMC,
	Month = NOV,
	Title = {ANTIDOTE: Understanding and Defending against Poisoning of Anomaly Detectors},
	Year = 2009}

@misc{libpaillier,
	Note = {\url{http://acsc.cs.utexas.edu/libpaillier/}},
	Title = {libpaillier library for the Paillier cryptosystem}}

@misc{abilene,
	Note = {\url{http://www.internet2.edu/network/}}}

@article{Rerun,
	Author = {Derek Hower and Mark D. Hill},
	Journal = {ISCA},
	Longjournal = {35th International Symposium on Computer Architecture (ISCA)},
	Longmonth = {June},
	Title = {{Rerun: Exploiting episodes for lightweight memory race recording}},
	Year = {2008}}

@article{RTR,
	Author = {Min Xu and Mark D. Hill and Rastislav Bod\'{\i}k},
	Journal = {ASPLOS},
	Longjournal = {12th International Conference on Architectural Support for Programming Languages and Operating Systems (ASPLOS)},
	Longmonth = {October},
	Title = {{A regulated transitive reduction (RTR) for longer memory race recording}},
	Year = {2006}}

@article{PRES,
	Author = {Soyeon Park and others},
	Journal = {SOSP},
	Longjournal = {22nd ACM Symposium on Operating Systems Principles (SOSP)},
	Longmonth = {October},
	Longpages = {177-192},
	Title = {{PRES: Probabilistic replay with execution sketching on multiprocessors}},
	Year = {2009}}

@article{ODR,
	Author = {Gautam Altekar and Ion Stoica},
	Journal = {SOSP},
	Longjournal = {22nd ACM Symposium on Operating Systems Principles (SOSP)},
	Longmonth = {October},
	Longpages = {193-206},
	Title = {{ODR: Output-deterministic replay for multicore debugging}},
	Year = {2009}}

@article{Respec,
	Author = {Dongyoon Lee and others},
	Journal = {ASPLOS},
	Longjournal = {ASPLOS '10: Proceedings of the fifteenth edition of ASPLOS on Architectural support for programming languages and operating systems},
	Longmonth = {March},
	Title = {{Respec: Efficient online multiprocessor replay via speculation and external determinism}},
	Year = {2010}}

@article{SATSolverReplay,
	Author = {Dongyoon Lee and others},
	Journal = {MICRO},
	Longjournal = {42st Annual IEEE/ACM International Symposium on Microarchitecture (MICRO-42)},
	Longmonth = {December},
	Title = {{Offline symbolic analysis for multi-processor execution replay}},
	Year = {2009}}

@article{activelearning,
	Author = {B. Settles},
	Journal = {Computer Sciences Technical Report 1648, University of Wisconsin-Madison},
	Month = JAN,
	Title = {Active Learning Literature Survey},
	Year = 2010}

@article{vrrcodeweblink,
	Month = JUL,
	Note = {\url{http://www.cs.uiuc.edu/~caesar/vrrcode/}},
	Title = {{VRR TinyOS implementation}},
	Year = 2010}

@article{power-method,
	Author = {Sleijpen, Gerard L. G. and Vorst, Henk A. Van der},
	Journal = {SIAM Rev.},
	Number = {2},
	Title = {A Jacobi--Davidson Iteration Method for Linear Eigenvalue Problems},
	Volume = {42},
	Year = {2000}}

@article{bignums,
	Month = JUL,
	Note = {\url{http://gmplib.org/}},
	Title = {{GMP library for large numbers (bignums)}},
	Year = 2010}

@article{a01,
	Author = {D. Achlioptas},
	Journal = PODS,
	Month = MAY,
	Title = {Database-friendly random projections},
	Year = 2001}

@article{am+96,
	Author = {N. Alon and Y. Matias and M. Szegedy},
	Journal = STOC,
	Month = MAY,
	Title = {The space complexity of approximating the frequency moments},
	Year = 1996}

@article{cc+04,
	Author = {M. Charikar and K. Chen and M. Farach-Colton},
	Journal = {Theoretical Computer Science},
	Title = {Finding frequent items in data streams},
	Year = 2004}

@article{tz04,
	Author = {M. Thorup and Y. Zhang},
	Journal = SODA,
	Month = JAN,
	Title = {Tabulation based 4-universal hashing with applications to second moment estimation},
	Year = 2004}

@inproceedings{kf+08,
	Author = {J. Karlin and S. Forrest and J. Rexford},
	Booktitle = {Computer Networks, special issue on Complex Computer and	Communications Networks},
	Month = OCT,
	Title = {Autonomous security for {Autonomous Systems}},
	Year = 2008}

@article{pathsplicing,
	Author = {M. Motiwala and M. Elmore and N. Feamster and S. Vempala},
	Journal = SIGCOMM,
	Month = AUG,
	Title = {Path Splicing},
	Year = 2008}

@article{miro,
	Author = {W. Xu and J. Rexford},
	Journal = SIGCOMM,
	Month = AUG,
	Title = {{MIRO: Multi-path} interdomain routing},
	Year = 2006}

@article{bananas,
	Author = {H. Kaur and S. Kalyanaraman and A. Weiss and S. Kanwar and A.	Gandhi},
	Journal = FDNA,
	Month = AUG,
	Title = {{BANANAS: An} Evolutionary Framework for Explicit and Multipath Routing in the {Internet}},
	Year = 2003}

@article{wg09,
	Author = {F. Wang and L. Gao},
	Journal = INFOCOM,
	Month = APR,
	Title = {Path diversity aware interdomain routing},
	Year = 2009}

@article{nox,
	Author = {N. Gude and T. Koponen and J. Pettit and B. Pfaff and M. Casado and N. McKeown and S. Shenker},
	Journal = CCR,
	Month = JUL,
	Title = {{NOX:} {Towards} an operating system for networks},
	Year = 2008}

@article{noxdc,
	Author = {A. Tavakoli and M. Casado and T. Koponen and S. Shenker},
	Journal = HOTNETS,
	Month = OCT,
	Title = {Applying {NOX} to the datacenter},
	Year = 2009}

@article{kk+07b,
	Author = {N. Kushman and S. Kandula and D. Katabi},
	Journal = CCR,
	Month = APR,
	Title = {Can you hear me now?! {It} must be {BGP}},
	Year = 2007}

@inproceedings{kk+07a,
	Author = {Srikanth Kandula and Dina Katabi and Shan Sinha and Arthur Berger},
	Booktitle = CCR,
	Title = {Dynamic Load Balancing Without Packet Reordering},
	Year = 2007}

@article{junosmplsguide,
	Title = {{JUNOS}: {MPLS} fast reroute solutions, network operations guide},
	Year = 2007}

@article{templs,
	Author = {E. Osborne and A. Simha},
	Journal = {Cisco Press},
	Title = {Traffic Engineering with {MPLS}},
	Year = 2002}

@article{vl2,
	Author = {A. Greenberg and J. Hamilton and N. Jain and S. Kandula and C. Kim and P. Lahiri and D. Maltz and P. Patel and S. Sengupta},
	Journal = SIGCOMM,
	Month = AUG,
	Title = {{VL2:} {A} Scalable and Flexible Data Center Network},
	Year = 2009}

@inproceedings{vroom,
	Author = {Yi Wang and Eric Keller and Brian Biskeborn and Jacobus van der Merwe and Jennifer Rexford},
	Booktitle = SIGCOMM,
	Month = AUG,
	Title = {{Virtual routers on the move: Live router migration as a network-	 management primitive}},
	Year = 2008}

@article{pc+00,
	Author = {A. Perrig and R. Canetti and D. Song and J. D. Tygar},
	Journal = OAKLAND,
	Month = MAY,
	Title = {Efficient authentication and signing of multicast streams over lossy channels},
	Year = 2000}

@article{bc+00,
	Author = {F. Bergadano and D. Cavagnino and B. Crispo},
	Journal = {Workshop on Selected Areas in Cryptography},
	Title = {Chained stream authentication},
	Year = 2000}

@article{b00,
	Author = {B. Briscoe},
	Journal = {BT Research Tech. Rep.},
	Note = {\url{http://www.labs.bt.com/people/briscorj/papers.html}},
	Title = {{FLAMeS}},
	Year = 2000}

@article{c97,
	Author = {S. Cheung},
	Journal = {Annual Computer Security Applications Conference},
	Title = {An efficient message authentication scheme for link state routing},
	Year = 1997}

@inproceedings{ortc,
	Author = {Draves, Richard and King, Christopher and Venkatachary,		 Srinivasan and Zill, Brian},
	Booktitle = INFOCOM,
	Month = MAR,
	Title = {Constructing Optimal {IP} Routing Tables},
	Year = 1999}

@inproceedings{educgames,
	Booktitle = {BBC News},
	Month = MAR,
	Note = {\url{http://news.bbc.co.uk/2/hi/uk_news/education/1879019.stm}},
	Title = {Video games ``stimulate learning''},
	Year = 2002}

@article{donnybrook,
	Author = {Bharambe, Ashwin and Douceur, John R. and Lorch, Jacob R. and	 Moscibroda, Thomas and Pang, Jeffrey and Seshan, Srinivasan and Zhuang, Xinyu},
	Journal = {SIGCOMM CCR},
	Number = {4},
	Title = {{Donnybrook: Enabling} large-scale, high-speed, peer-to-peer games},
	Volume = {38},
	Year = {2008}}

@misc{game_market,
	Note = {http://www.gamesbrief.com/2010/06/the-online-games-market-was-worth-15-billion-in-2009-and-will-grow-to-20-billion-in-2010/}}

@misc{game_number,
	Note = {http://techcrunch.com/2007/07/10/217-million-people-play-online-games/}}

@inproceedings{effect_unreal,
	Author = {Beigbeder, Tom and Coughlan, Rory and Lusher, Corey and Plunkett,	John and Agu, Emmanuel and Claypool, Mark},
	Booktitle = {NetGames},
	Title = {The effects of loss and latency on user performance in unreal		tournament 2003},
	Year = {2004}}

@inproceedings{colyseus,
	Author = {Bharambe, Ashwin and Pang, Jeffrey and Seshan, Srinivasan},
	Booktitle = {NSDI},
	Title = {Colyseus: {A} distributed architecture for online multiplayer games},
	Year = {2006}}

@misc{lag_millsec,
	Note = {http://gja.space4me.com/things/quake3-latency-051701.html},
	Title = {Lag over 150 milliseconds is unacceptable}}

@article{sensitivity_network,
	Author = {Chen, Kuan-Ta and Huang, Polly and Lei, Chin-Laung},
	Journal = {Commun. ACM},
	Number = {11},
	Title = {How sensitive are online gamers to network quality?},
	Volume = {49},
	Year = {2006}}

@article{simcity,
	Note = {\url{http://simcitysocieties.ea.com}},
	Title = {{SimCity} (computer game)}}

@article{carmensandiego,
	Note = {\url{http://en.wikipedia.org/wiki/Carmen_Sandiego}},
	Title = {{Carmen Sandiego} (computer game)}}

@article{secondlifeland,
	Note = {\url{http://secondlife.com/land/}},
	Title = {{Buy Land | Second Life} (instructions for creating virtual properties in the Second Life virtual world)}}

@article{teeve,
	Note = {\url{http://cairo.cs.uiuc.edu/teleimmersion/}},
	Title = {{TEEVE@UIUC}}}

@article{bgplowestcost,
	Author = {J. Feigenbaum and C. Papadimitriou and R. Sami and S. Shenker},
	Journal = PODC,
	Month = JUL,
	Title = {A {BGP-based} mechanism for lowest-cost routing},
	Year = 2002}

@article{ck+02,
	Author = {A. Czumaj and P. Krysta and B. Vong},
	Journal = STOC,
	Month = MAY,
	Title = {Selfish traffic allocation for server farms},
	Year = 2002}

@article{selfishrouting,
	Author = {T. Roughgarden and E. Tardos},
	Journal = JACM,
	Number = 2,
	Pages = {236--259},
	Title = {How bad is selfish routing?},
	Volume = 49,
	Year = 2002}

@inproceedings{openvswitch,
	Note = {\url{http://openvswitch.org/}},
	Title = {{Open vSwitch}}}

@article{tz01,
	Author = {M. Thorup and U. Zwick},
	Journal = SPAA,
	Month = JUL,
	Title = {Compact routing schemes},
	Year = 2001}

@article{bfd,
	Author = {D. Katz and D. Ward},
	Journal = {Internet-Draft (draft-katz-ward-bfd-02)},
	Month = MAY,
	Title = {Bidirectional Forwarding Detection},
	Year = 2004}

@article{mi+08,
	Author = {A. Markopoulou and G. Iannaccone and S. Bhattacharyya and C. Chuah},
	Journal = IEEETN,
	Number = 4,
	Pages = {749-762},
	Title = {Characterization of failures in an operational {IP} backbone network},
	Volume = 16,
	Year = 2008}

@article{morpheus,
	Author = {Y. Wang and I. Avramopoulous and J. Rexford},
	Journal = IEEEJSAC,
	Month = APR,
	Title = {Design for configurability: {Rethinking} interdomain routing policies from the ground up},
	Year = 2009}

@article{am+07,
	Author = {K. Argyraki and P. Maniatis and O. Irzak and S. Ashish and S. Shenker},
	Journal = ICNP,
	Month = OCT,
	Title = {Loss and Delay Accountability for the {Internet}},
	Year = 2007}

@article{portland,
	Author = {R. Mysore and A. Pamboris and N. Farrington and N. Huang and P. Miri and S. Radhakrishnan and V. Subramanya and A. Vadhat},
	Journal = SIGCOMM,
	Month = AUG,
	Title = {PortLand: A Scalable Fault-Tolerant Layer 2 Data Center Network Fabric},
	Year = 2009}

@article{e2epaper,
	Author = {J. Saltzer and D. Reed and D. Clark},
	Journal = ICDCS,
	Month = APR,
	Title = {End-to-End Arguments in System Design},
	Year = 1981}

@article{hr+10,
	Author = {J. He and J. Rexford and M. Chiang},
	Journal = {Chapter in the book Algorithms for Next Generation Architectures, Springer},
	Month = MAR,
	Title = {Design for optimizability: {Traffic} management of a future {Internet}},
	Year = 2010}

@article{jz+08,
	Author = {W. Jiang and R. Zhang-Shen and J. Rexford and M. Chiang},
	Journal = SIGMETRICS,
	Month = AUG,
	Title = {Cooperative content distribution and traffic engineering in an {ISP} network},
	Year = 2008}

@article{js+09,
	Author = {U. Javed and M. Suchara and J. He and J. Rexford},
	Journal = {COMSNETS},
	Month = JAN,
	Title = {Multipath protocol for delay-sensitive traffic},
	Year = 2009}

@article{xc+08,
	Author = {D. Xu and M. Chiang and J. Rexford},
	Journal = INFOCOM,
	Month = JUL,
	Title = {Link-state routing with hop-by-hop forwarding can achieve optimal traffic engineering},
	Year = 2007}

@article{hs+07,
	Author = {J. He and M. Suchara and M. Bresler and J. Rexford and M. Chiang},
	Journal = CONEXT,
	Month = DEC,
	Title = {Rethinking {Internet} traffic management: From multiple decompositions to a practical protocol},
	Year = 2007}

@article{hb+07,
	Author = {J. He and M. Bresler and M. Chiang and J. Rexford},
	Journal = IEEEJSAC,
	Month = JUN,
	Title = {Towards multi-layer traffic engineering: Optimization of congestion control and routing},
	Year = 2007}

@article{nohype,
	Author = {E. Keller and J. Szefer and J. Rexford and R. Lee},
	Journal = {ISCA},
	Month = JUN,
	Title = {{NoHype: Virtualized} cloud infrastructure without the virtualization},
	Year = 2010}

@article{ras,
	Author = {K. Lakshminarayanan and I. Stoica and S. Shenker and J. Rexford},
	Journal = {University of California, Berkeley, Technical Report No. UCB/CSD-04-1327},
	Title = {Routing as a Service},
	Year = 2004}

@article{nicoltrustgraph,
	Author = {H. Okhravi and D. Nicol},
	Journal = {ACSAC},
	Month = DEC,
	Title = {{TrustGraph: Trusted} Graphics Subsystem for High Assurance Systems},
	Year = 2009}

@article{nicolleakagedetection,
	Author = {Y.-C. Lee and S. Bishop and H. Okhravi and S. Rahimi},
	Journal = {IEEE Symposium on Intelligent Agents (IA'09)},
	Month = MAR,
	Title = {Information Leakage Detection in Distributed Systems using Software Agent},
	Year = 2009}

@inproceedings{jif,
	Note = {\url{www.cs.cornell.edu/jif/}},
	Title = {{Jif: Java + information flow (software)}}}

@inproceedings{fagendsi,
	Note = {\url{www.cs.uiuc.edu/homes/wfagen2/projects/dsi/}},
	Title = {{DSI: Distributed Systems Infrastructure}}}

@article{coloredlinux,
	Author = {H. Okhravi and S. Bak},
	Journal = {Technical Report (UIUC)},
	Month = JUL,
	Title = {{Colored Linux: Covert} channel resistant {OS} information flow security},
	Year = 2009}

@book{lynch:94,
	Author = {N. Lynch},
	Publisher = MK,
	Title = {Distributed Algorithms},
	Year = 1997}

@book{snmp-book,
	Author = {D. Mauro and K. Schmidt},
	Publisher = OR,
	Title = {Essential SNMP},
	Year = 2005}

@inproceedings{gl+08,
	Author = {D. Gupta and S. Lee and M. Vrable and S. Savage and A. Snoeren and A. Vahdat and G. Varghese and G. Voelker},
	Booktitle = OSDI,
	Month = DEC,
	Title = {Difference Engine: Harnessing Memory Redundancy in Virtual	Machines},
	Year = 2008}

@article{ah+10,
	Author = {R. Andgotti and C. Hillyard and M. Panitz and K. Sung and K. Marino},
	Journal = {International Conference On The Foundations Of Digital Games},
	Month = JUN,
	Title = {Game-themed instructional modules: a video case study},
	Year = 2010}

@article{eb09,
	Author = {M. Eagle and T. Barnes},
	Journal = {ACM SIGCSE},
	Month = MAR,
	Title = {Experimental evaluation of an educational game for improved learning in introductory computing},
	Year = 2009}

@article{wf+03,
	Author = {F. Wang and N. Feamster and L. Gao},
	Journal = {Technical Report TR-05-CSE-03, University of Massachusetts},
	Title = {Quantifying the effects of routing dynamics on end-to-end {Internet} path failures},
	Year = 2006}

@article{fortz:ieeecom2002,
	Author = {Bernard Fortz and Jennifer Rexford and Mikkel Thorup},
	Journal = {IEEE Communications Magazine},
	Month = OCT,
	Title = {Traffic Engineering with Traditional {IP} Routing Protocols},
	Year = 2002}

@inproceedings{ethproblems,
	Note = {\url{http://www.cisco.com/warp/public/473/16.html}},
	Title = {{Cisco Systems Inc., Spanning Tree Protocol Problems and Related Design Considerations}}}

@inproceedings{deacproblem,
	Note = {\url{http://home.caregroup.org/templatesnew/departments/BID/network_outage/}},
	Title = {{Beth Israel Deaconess Medical Center. Network Outage Information.}}}

@inproceedings{dcdesignguide,
	Title = {{Cisco Systems Inc., Cisco Data Center Infrastructure 3.0 Design Guide}}}

@article{rg+07,
	Author = {B. Radunovic and G. Gkantsidis and P. Key and S. Gheorghiu and W. Hu and P. Rodriguez},
	Journal = CONEXT,
	Month = DEC,
	Title = {Multipath Code Casting for Wireless Mesh Networks},
	Year = 2007}

@article{nsbgp,
	Author = {Y. Wang and M. Schapira and J. Rexford},
	Journal = SIGMETRICS,
	Month = JUN,
	Title = {Neighbor-Specific {BGP: More} Flexible Routing Policies While Improving Global Stability},
	Year = 2009}

@article{mw+05,
	Author = {R. Mahajan and D. Wetherall and T. Anderson},
	Journal = NSDI,
	Month = MAY,
	Title = {Negotiation-based routing between neighboring {ISPs}},
	Year = 2005}

@article{sa+07b,
	Author = {G. Shrimali and A. Akella and A. Mutapcic},
	Journal = INFOCOM,
	Month = MAY,
	Title = {Cooperative interdomain traffic engineering using {Nash} bargaining and decomposition},
	Year = 2007}

@article{programmablenic,
	Note = {\url{ftp://download.intel.com/products/vpro/whitepaper/crossclient. pdf}},
	Title = {The All New 2010 Intel Core vPro Processor Family: Intelligence that Adapts to Your Needs (whitepaper)},
	Year = 2010}

@inproceedings{widschecker,
	Author = {X. Liu and W. Lin and A. Pan and Z. Zhang},
	Booktitle = NSDI,
	Month = APR,
	Title = {{WiDS Checker: Combating} Bugs in Distributed Systems},
	Year = 2007}

@article{news-skhack09,
	Journal = {CBS News},
	Month = DEC,
	Note = {\url{http://kdka.com/national/hackers.steal.secrets.2.1377956.html}},
	Title = {Hackers Steal {U.S., S. Korean} Military Secrets},
	Year = 2009}

@article{news-jsfhack09,
	Journal = {The Wall Street Journal},
	Month = APR,
	Note = {\url{http://online.wsj.com/article/SB124027491029837401.html}},
	Title = {Computer Spies Breach Fighter-Jet Project},
	Year = 2009}

@article{news-cw10,
	Journal = {Reuters},
	Note = {\url{http://itmanagement.earthweb.com/secu/article.php/3881921}},
	Title = {{U.S.} Not Winning Cyber War},
	Year = 2010}

@article{news-estonia07,
	Journal = {Guardian News},
	Month = MAY,
	Note = {\url{http://www.guardian.co.uk/world/2007/may/17/topstories3.russia}},
	Title = {Russia accused of unleashing cyberwar to disable {Estonia}},
	Year = 2007}

@article{news-ossetia08,
	Journal = {The Sydney Morning Herald},
	Month = AUG,
	Note = {\url{http://www.smh.com.au/news/technology/georgian-websites-forced-offline-in-cyber-war/2008/08/12/1218306848654.html}},
	Title = {Georgian websites forced offline in `cyber war'},
	Year = 2008}

@inproceedings{cm+08,
	Author = {B-G. Chun and P. Maniatis and S. Shenker},
	Booktitle = USENIXATC,
	Month = JUN,
	Title = {Diverse Replication for Single-Machine Byzantine-Fault	 Tolerance},
	Year = 2008}

@inproceedings{jb+05,
	Author = {F. Junqueira and R. Bhgwan and A. Hevia and K. Marzullo and G. Voelker},
	Booktitle = HOTOS,
	Month = MAY,
	Title = {Surviving {Internet} Catastrophes},
	Year = 2003}

@inproceedings{os04,
	Author = {A. O'Donnell and H. Sethu},
	Booktitle = ACMCCS,
	Month = OCT,
	Title = {On Achieving Software Diversity for Improved Network Security Using Distributed Coloring Algorithms},
	Year = 2004}

@inproceedings{zd+01,
	Author = {Y. Zhang and S. Dao and H. Vin and L. Alvisi and W. Lee},
	Booktitle = {New Security Paradigms Workshop},
	Month = SEP,
	Title = {Heterogeneous Networking: A New Survivability Paradigm},
	Year = 2008}

@inproceedings{bz+07,
	Author = {E. Berger and B. Zorn},
	Booktitle = PLDI,
	Month = JUN,
	Title = {{DieHard}: Probabilistic memory safety for unsafe languages},
	Year = 2006}

@inproceedings{liu:sigcomm08,
	Address = {New York, NY, USA},
	Author = {Liu, Xin and Yang, Xiaowei and Lu, Yanbin},
	Booktitle = {SIGCOMM '08: Proceedings of the ACM SIGCOMM 2008 conference on Data communication},
	Doi = {http://doi.acm.org/10.1145/1402958.1402981},
	Isbn = {978-1-60558-175-0},
	Location = {Seattle, WA, USA},
	Pages = {195--206},
	Publisher = {ACM},
	Title = {To filter or to authorize: {Network-layer} DoS defense against	 multimillion-node botnets},
	Year = {2008},
	Bdsk-Url-1 = {http://doi.acm.org/10.1145/1402958.1402981}}

@inproceedings{argyraki:usenixatc05,
	Address = {Berkeley, CA, USA},
	Author = {Argyraki, Katerina and Cheriton, David R.},
	Booktitle = {ATEC '05: Proceedings of the annual conference on USENIX	Annual Technical Conference},
	Location = {Anaheim, CA},
	Pages = {10--10},
	Publisher = {USENIX Association},
	Title = {Active internet traffic filtering: {Real-time} response to denial-of- service attacks},
	Year = {2005}}

@article{mahajan:ccr02,
	Address = {New York, NY, USA},
	Author = {Mahajan, Ratul and Bellovin, Steven M. and Floyd, Sally and	 Ioannidis, John and Paxson, Vern and Shenker, Scott},
	Doi = {http://doi.acm.org/10.1145/571697.571724},
	Issn = {0146-4833},
	Journal = {SIGCOMM Comput. Commun. Rev.},
	Number = {3},
	Pages = {62--73},
	Publisher = {ACM},
	Title = {Controlling high bandwidth aggregates in the network},
	Volume = {32},
	Year = {2002},
	Bdsk-Url-1 = {http://doi.acm.org/10.1145/571697.571724}}

@inproceedings{yang:sigcomm05,
	Address = {New York, NY, USA},
	Author = {Yang, Xiaowei and Wetherall, David and Anderson, Thomas},
	Booktitle = {SIGCOMM '05: Proceedings of the 2005 conference on		 Applications, technologies, architectures, and protocols for computer		communications},
	Doi = {http://doi.acm.org/10.1145/1080091.1080120},
	Isbn = {1-59593-009-4},
	Location = {Philadelphia, Pennsylvania, USA},
	Pages = {241--252},
	Publisher = {ACM},
	Title = {A {DoS}-limiting network architecture},
	Year = {2005},
	Bdsk-Url-1 = {http://doi.acm.org/10.1145/1080091.1080120}}

@article{yaar:sp04,
	Address = {Los Alamitos, CA, USA},
	Author = {Abraham Yaar and Adrian Perrig and Dawn Song},
	Doi = {http://doi.ieeecomputersociety.org/10.1109/SECPRI.2004.1301320},
	Issn = {1540-7993},
	Journal = {Security and Privacy, IEEE Symposium on},
	Pages = {130},
	Publisher = {IEEE Computer Society},
	Title = {{SIFF: A} Stateless {Internet} Flow Filter to Mitigate {DDoS} Flooding	 Attacks},
	Volume = {0},
	Year = {2004},
	Bdsk-Url-1 = {http://doi.ieeecomputersociety.org/10.1109/SECPRI.2004.1301320}}

@inproceedings{parno:sigcomm07,
	Address = {New York, NY, USA},
	Author = {Parno, Bryan and Wendlandt, Dan and Shi, Elaine and Perrig, Adrian and Maggs, Bruce and Hu, Yih-Chun},
	Booktitle = {SIGCOMM '07: Proceedings of the 2007 conference on		 Applications, technologies, architectures, and protocols for computer		communications},
	Doi = {http://doi.acm.org/10.1145/1282380.1282413},
	Isbn = {978-1-59593-713-1},
	Location = {Kyoto, Japan},
	Pages = {289--300},
	Publisher = {ACM},
	Title = {Portcullis: {Protecting} connection setup from denial-of-capability attacks},
	Year = {2007},
	Bdsk-Url-1 = {http://doi.acm.org/10.1145/1282380.1282413}}

@inproceedings{capizzi-shadow,
	Address = {Washington, DC, USA},
	Author = {Capizzi, Roberto and Longo, Antonio and Venkatakrishnan, V. N. and Sistla, A. Prasad},
	Booktitle = {ACSAC '08: Proceedings of the 2008 Annual Computer Security	 Applications Conference},
	Doi = {http://dx.doi.org/10.1109/ACSAC.2008.50},
	Pages = {322--331},
	Publisher = {IEEE Computer Society},
	Title = {Preventing Information Leaks through Shadow Executions},
	Year = {2008},
	Bdsk-Url-1 = {http://dx.doi.org/10.1109/ACSAC.2008.50}}

@inproceedings{borders-outbound,
	Address = {Washington, DC, USA},
	Author = {Borders, Kevin and Prakash, Atul},
	Booktitle = {SP '09: Proceedings of the 2009 30th IEEE Symposium on Security and Privacy},
	Doi = {http://dx.doi.org/10.1109/SP.2009.9},
	Pages = {129--140},
	Publisher = {IEEE Computer Society},
	Title = {Quantifying Information Leaks in Outbound Web Traffic},
	Year = {2009},
	Bdsk-Url-1 = {http://dx.doi.org/10.1109/SP.2009.9}}

@inproceedings{yin-panorama,
	Address = {New York, NY, USA},
	Author = {Yin, Heng and Song, Dawn and Egele, Manuel and Kruegel, Christopher and Kirda, Engin},
	Booktitle = {CCS '07: Proceedings of the 14th ACM conference on Computer and communications security},
	Doi = {http://doi.acm.org/10.1145/1315245.1315261},
	Isbn = {978-1-59593-703-2},
	Location = {Alexandria, Virginia, USA},
	Pages = {116--127},
	Publisher = {ACM},
	Title = {Panorama: {Capturing} system-wide information flow for malware detection and analysis},
	Year = {2007},
	Bdsk-Url-1 = {http://doi.acm.org/10.1145/1315245.1315261}}

@inproceedings{egele-dyn,
	Address = {Berkeley, CA, USA},
	Author = {Egele, Manuel and Kruegel, Christopher and Kirda, Engin and Yin, Heng and Song, Dawn},
	Booktitle = {ATC'07: 2007 USENIX Annual Technical Conference on Proceedings of the USENIX Annual Technical Conference},
	Isbn = {999-8888-77-6},
	Location = {Santa Clara, CA},
	Pages = {1--14},
	Publisher = {USENIX Association},
	Title = {Dynamic spyware analysis},
	Year = {2007}}

@misc{ermolinksiy-pdc,
	Author = {Andrey Ermolinskiy and Sachin Katti and Scott Shenker and Lisa	Fowler and Murphy McCauley},
	Title = {Practical Data Confinement}}

@inproceedings{djeiric-browserext,
	Author = {Vladan Djeric and Ashvin Goel},
	Booktitle = {Proceedings of the 19th USENIX Security Symposium},
	Title = {Securing Script-Based Extensibility in Web Browsers},
	Year = {2010}}

@misc{dlp-rsa,
	Howpublished = {\url{http://www.rsa.com/node.aspx?id=3426}},
	Title = {{RSA Data Loss Prevention Suite}}}

@misc{dlp-mcafee,
	Howpublished = {\url{http://www.mcafee.com/us/enterprise/products/		 data_protection/data_loss_prevention/data_loss_prevention.html}},
	Title = {{McAfee Data Loss Prevention 9}}}

@misc{dlp-symantec,
	Howpublished = {\url{http://www.symantec.com/business/products/family.jsp? familyid=data-loss-prevention}},
	Title = {Symantec Data Loss Prevention}}

@article{wired-mil,
	Author = {Shachtman, Noah},
	Journal = {{Wired}},
	Month = {November 19},
	Title = {{Under Worm Assault, Military Bans Disks, USB Devices}},
	Year = 2008}

@article{nytimes-mil,
	Author = {Knowlton, Brian},
	Journal = {{The New York Times}},
	Month = {August 25},
	Title = {{Military Computer Attack Confirmed}},
	Year = 2010}

@article{latimes-mil,
	Author = {Barnes, Julian},
	Journal = {{Los Angeles Times}},
	Month = {November 28},
	Title = {{Pentagon computer networks attacked}},
	Year = 2008}

@inproceedings{kt+07,
	Author = {A. Kuatse and R. Teixeira and M. Meulle},
	Booktitle = CONEXT,
	Month = DEC,
	Title = {Characterizing network events and their impact on routing},
	Year = 2007}

@article{bp01,
	Author = {P. Barford and J. Kline and D. Plonka and A. Ron},
	Journal = IMW,
	Month = NOV,
	Title = {A signal analysis of network traffic anomalies},
	Year = 2002}

@article{bp02,
	Author = {P. Barford and D. Plonka},
	Journal = IMW,
	Month = NOV,
	Title = {Characteristics of network traffic flow anomalies},
	Year = 2002}

@article{t88,
	Author = {R. S. Tsay},
	Journal = {Journal of Forecasting},
	Title = {Outliers, level shifts, and variance changes in time series},
	Year = 1988}

@article{cl93,
	Author = {C. Chen and L.-M. Liu},
	Journal = {Journal of Forecasting},
	Title = {Forecasting time series with outliers},
	Year = 1993}

@article{cm03,
	Author = {G. Cormode and S. Muthukrishnan},
	Journal = PODC,
	Month = JUL,
	Title = {What's hot and what's not: {Tracking} most frequent items dynamically},
	Year = 2003}

@article{cm04,
	Author = {G. Cormode and S. Muthukrishnan},
	Journal = {Journal of Algorithms},
	Title = {Improved data stream summaries: {The} count-min sketch and it applications},
	Year = 2004}

@article{ck+03,
	Author = {G. Cormode and F. Korn and S. Muthukrishnan and D. Srivastava},
	Journal = VLDB,
	Title = {Finding hierarchical heavy hitters in data streams},
	Year = 2003}

@article{ev03,
	Author = {C. Estan and G. Varghese},
	Journal = SIGCOMM,
	Month = AUG,
	Title = {Automatcially inferring patters of resource consumption in network traffic},
	Year = 2003}

@inproceedings{astute:sigcomm10,
	Author = {Silveira, Fernando and Diot, Christophe and Taft, Nina and Govindan,	 Ramesh},
	Booktitle = {SIGCOMM},
	Title = {{ASTUTE: Detecting} a different class of traffic anomalies},
	Year = {2010}}

@article{isacasurvey,
	Month = AUG,
	Note = {\url{http://www.isaca.org/Journal/Past-Issues/2008/Volume-1/Pages/Dysfunctional-Operations-in-IT1.aspx}},
	Title = {{Information Systems Audit and Control Association (ISACA)}},
	Year = 2007}

@article{mp+09,
	Author = {P. Mittal and V. Paxson and R. Sommer and M. Winterrowd},
	Journal = HOTNETS,
	Month = OCT,
	Title = {Securing Mediated Trace Access Using Blackbox Permutation Analysis},
	Year = 2009}

@article{mm10,
	Author = {F. McSherry and R. Mahajan},
	Journal = SIGCOMM,
	Month = AUG,
	Title = {Differentially-private network trace analysis},
	Year = 2010}

@article{legal-imc07,
	Author = {P. Ohm and D. Sicker and D. Grunwald},
	Journal = IMC,
	Month = OCT,
	Title = {Legal Issues Surrounding Monitoring During Network Research},
	Year = 2007}

@article{dpg-osdi,
	Author = {T. Bergan and N. Hunt and L. Ceze and S. Gribble},
	Journal = OSDI,
	Month = OCT,
	Title = {Deterministic Process Groups in {dOS}},
	Year = 2010}

@inproceedings{cadre,
	Author = {S. Sarangi and B. Greskamp and J. Torrellas},
	Booktitle = {DSN},
	Title = {{CADRE: Cycle-Accurate Deterministic Replay for Hardware Debugging}},
	Year = 2006}

@inproceedings{dpj,
	Author = {R. Bocchino and V. Adve and S. Adve and M. Snir},
	Booktitle = {HotPar},
	Title = {{Parallel Programming Must Be Deterministic by Default}},
	Year = 2009}

@article{dmp-asplos,
	Author = {J. Devietti and B. Lucia and L. Ceze and M. Oskin},
	Journal = ASPLOS,
	Month = MAR,
	Title = {{DMP: Deterministic} shared memory multiprocessing},
	Year = 2009}

@article{aw+10,
	Author = {A. Aviram and S.-C. Weng and S. Hu and B. Ford},
	Journal = OSDI,
	Month = OCT,
	Title = {Efficient System-Enforced Deterministic Parallelism},
	Year = 2010}

@article{hamming86,
	Author = {R. Hamming},
	Journal = {talk at Bell Communications Research Colloquium Seminar},
	Month = MAR,
	Title = {{You and your research}},
	Year = 1986}

@article{botnetnews1,
	Journal = {Network World},
	Month = JUN,
	Note = {\url{http://www.networkworld.com/community/node/63586}},
	Title = {Researchers unsheathe new tool to battle botnets},
	Year = 2010}

@article{botnetnews2,
	Journal = {IEEE Computer},
	Month = OCT,
	Title = {New Weapon in War on Botnets},
	Year = 2010}

@article{sx+11,
	Author = {M. Suchara and D. Xu and R. Doverspike and D. Johnson and J. Rexford},
	Journal = SIGMETRICS,
	Month = JUN,
	Title = {Network Architecture for Joint Failure Recovery and Traffic Engineering},
	Year = 2011}

@article{yg+11,
	Author = {M. Yu and A. Greenberg and D. Maltz and J. Rexford and L. Yuan and S. Kandula},
	Journal = NSDI,
	Month = MAR,
	Title = {Profiling network performance for multi-tier data center applications},
	Year = 2011}

@article{wiki-ternary,
	Author = {Wikipedia},
	Note = {\url{http://en.wikipedia.org/wiki/Ternary_computer}},
	Title = {Ternary computer}}

@article{gr01,
	Author = {L. Gao and J. Rexford},
	Journal = IEEETN,
	Month = DEC,
	Title = {Stable {Internet} routing without global coordination},
	Year = 2001}

@article{caidaasdata,
	Author = {CAIDA},
	Note = {\url{http://as-rank.caida.org/data/}}}

@inproceedings{Reitblatt2011,
	Author = {Mark Reitblatt and Nate Foster and Jennifer Rexford and David Walker},
	Booktitle = {HotNets},
	Title = {Consistent updates for software-defined networks: {Change} you can believe in!},
	Year = {2011}}

@inproceedings{Reitblatt2012,
	Author = {Mark Reitblatt and Nate Foster and Jennifer Rexford and Cole Schlesinger and David Walker},
	Booktitle = SIGCOMM,
	Title = {Abstractions for Network Update},
	Year = {2012}}

@inproceedings{John2008,
	Author = {John P. John and Ethan Katz-Bassett and Arvind Krishnamurthy and Thomas Anderson and Arun Venkataramani},
	Booktitle = {NSDI},
	Title = {Consensus routing: {The Internet} as a distributed system},
	Year = {2008}}

@inproceedings{Al-Shaer2010,
	Author = {Ehab Al-Shaer and Saeed Al-Haj},
	Booktitle = {SafeConfig},
	Date-Modified = {2014-09-21 03:23:00 +0000},
	Title = {{FlowChecker: Configuration} analysis and verification of federated {OpenFlow} infrastructures},
	Year = {2010}}

@inproceedings{Al-Shaer2009,
	Author = {Ehab Al-Shaer and Will Marrero and Adel El-Atawy and Khalid ElBadawi},
	Booktitle = {ICNP},
	Title = {{Network configuration in a box: Towards} End-to-End Verification of Network Reachability and Security},
	Year = {2009}}

@inproceedings{FlowVisor2010,
	Author = {Rob Sherwood and Glen Gibb and Kok-Kiong Yap and Guido Appenzeller and Martin Casado and Nick McKeown and Guru Parulkar},
	Booktitle = {OSDI},
	Title = {Can the Production Network Be the Testbed?},
	Year = {2010}}

@inproceedings{Nox2008,
	Author = {Natasha Gude and Teemu Koponen and Justin Pettit and Ben Pfaff and Mart{\'\i}n Casado and Nick McKeown and Scott Shenker},
	Booktitle = {SIGCOMM CCR},
	Title = {{NOX: Towards} an operating system for networks},
	Year = {2008}}

@inproceedings{NoxDC2009,
	Author = {Arsalan Tavakoli and Martin Casado and Teemu Koponen and Scott Shenker},
	Booktitle = {HotNets},
	Title = {Applying {NOX} to the datacenter},
	Year = 2009}

@inproceedings{Frenetic2011,
	Author = {Nate Foster and Rob Harrison and Michael J. Freedman and Christopher Monsanto and Jennifer Rexford and Alec Story and David Walker},
	Booktitle = {ICFP},
	Title = {{Frenetic: A} network programming language},
	Year = {2011}}

@inproceedings{PHA2012,
	Author = {Peyman Kazemian and George Varghese and Nick McKeown},
	Booktitle = {NSDI},
	Title = {Header Space Analysis: Static Checking for Networks},
	Year = {2012}}

@inproceedings{NetPlumber2013,
	Author = {Peyman Kazemian and Michael Chang and Hongyi Zeng and George Varghese and Nick McKeown and Scott Whyte},
	Booktitle = {NSDI},
	Title = {Real Time Network Policy Checking using Header Space Analysis},
	Year = {2013}}

@inproceedings{VeriFlow,
	Author = {Ahmed Khurshid and Xuan Zou and Wenxuan Zhou and Matthew Caesar and P. Brighten Godfrey},
	Booktitle = {NSDI},
	Date-Modified = {2014-09-21 03:28:28 +0000},
	Title = {{VeriFlow: V}erifying Network-Wide Invariants in Real Time},
	Year = {2013}}

@inproceedings{Flach2013,
	Author = {Tobias Flach and Nandita Dukkipati and Andreas Terzis and Barath Raghavan and Neal Cardwell and Yuchung Cheng and Ankur Jain and Shuai Hao and Ethan Katz-Bassett and Ramesh Govindan},
	Booktitle = {SIGCOMM},
	Title = {Reducing Web Latency: the Virtue of Gentle Aggression},
	Year = {2013}}

@inproceedings{OFCPP,
	Author = {Peter Pere{\v s}{\'\i}ni and Maciej Kuzniar and Nedeljko Vasic and Marco Canini and Dejan Kostic},
	Booktitle = {HotSDN},
	Date-Modified = {2014-09-21 03:34:04 +0000},
	Title = {{OF.CPP: C}onsistent Packet Processing for {OpenFlow}},
	Year = {2013}}

@inproceedings{Nice2012,
	Author = {Marco Canini and Daniele Venzano and Peter Peresini and Dejan Kostic and Jennifer Rexford},
	Booktitle = {NSDI},
	Date-Modified = {2014-09-21 03:24:54 +0000},
	Title = {A {NICE} way to test {OpenFlow} applications},
	Year = {2012}}

@inproceedings{Peresini2011,
	Author = {Peter Peresini and Marco Canini},
	Booktitle = {CoNEXT Student Workshop},
	Title = {Is Your OpenFlow Application Correct?},
	Year = {2011}}

@inproceedings{Rcc2005,
	Author = {Nick Feamster and Hari Balakrishnan},
	Booktitle = {NSDI},
	Title = {Detecting {BGP} Configuration Faults with Static Analysis},
	Year = {2005}}

@inproceedings{Anteater2011,
	Author = {Haohui Mai and Ahmed Khurshid and Rachit Agarwal and Matthew Caesar and P. Brighten Godfrey and Samuel T. King},
	Booktitle = {SIGCOMM},
	Title = {Debugging the data plane with Anteater},
	Year = {2011}}

@inproceedings{Bhuvaneswari2010,
	Author = {T. Bhuvaneswari and V. C. Prasad and Ajay Kumar Singh and P. W. C. Prasad},
	Booktitle = {ICEDSA},
	Title = {Timing analysis of combinational circuits using Weights Binary Decision Diagram {(WBDD)}},
	Year = 2010}

@inproceedings{Whaley2005,
	Author = {John Whaley and Dzintars Avots and Michael Carbin and Monica S. Lam},
	Booktitle = {PLS},
	Title = {Using Datalog with Binary Decision Diagrams for Program Analysis},
	Year = 2005}

@inproceedings{Kandula2009,
	Author = {Srikanth Kandula and Sudipta Sengupta and Albert Greenberg and Parveen Patel and Ronnie Chaiken},
	Booktitle = {IMC},
	Title = {{The nature of data center traffic: Measurements} \& analysis},
	Year = 2009}

@misc{NuSMV,
	Note = {\small{http://nusmv.fbk.eu/}},
	Title = {{NuSMV: A new symbolic model checker}}}

@misc{RouteViews,
	Date-Modified = {2014-09-26 02:03:08 +0000},
	Note = {\url{http://www.routeviews.org/}},
	Title = {{University of Oregon Route Views Project}}}

@misc{Rocketfuel,
	Date-Modified = {2014-09-26 02:02:15 +0000},
	Note = {\url{http://www.cs.washington.edu/research/networking/rocketfuel/}},
	Title = {{Rocketfuel: An ISP} Topology Mapping Engine}}

@misc{OpenFlowSpec,
	Note = {\url\small{http://www.openflow.org/documents/openflow-spec-v1.1.0.pdf}},
	Title = {OpenFlow switch specification}}

@misc{Mininet,
	Note = {\small{http://yuba.stanford.edu/foswiki/bin/view/OpenFlow/Mininet}},
	Title = {{Mininet: Rapid} prototyping for software defined networks}}

@misc{openflow-spec,
	Author = {{Open Network Foundation}},
	Date-Modified = {2014-09-26 02:01:14 +0000},
	Month = {October},
	Note = {\url{https://www.opennetworking.org/}},
	Title = {{OpenFlow} switch specification v1.4},
	Year = {2013}}

@inproceedings{Yuan2006,
	Author = {Lihua Yuan and Jianning Mai and Zhendong Su and Hao Chen and Chen-Nee Chuah and Prasant Mohapatra},
	Booktitle = {IEEE SnP},
	Title = {{FIREMAN: A} Toolkit for FIREwall Modeling and ANalysis},
	Year = {2006}}

@inproceedings{Feamster2005,
	Author = {Nick Feamster and Hari Balakrishnan},
	Booktitle = NSDI,
	Title = {Detecting {BGP} configuration faults with static analysis},
	Year = {2005}}

@misc{Varghese2004,
	Author = {George Varghese},
	Title = {{Network Algorithmics: An} Interdisciplinary Approach to Designing Fast Networked Devices},
	Year = {2004}}

@article{kz+12,
	Journal = {Hot Topics in Software Defined Networking (HotSDN)},
	Month = AUG,
	Title = {{VeriFlow: Verifying} Network-Wide Invariants in Real Time},
	Year = 2012}

@article{Mahajan13,
	Author = {Ratul Mahajan and Roger Wattenhofer},
	Journal = HOTNETS,
	Title = {On Consistent Updates in Software Defined Networks},
	Year = 2013}

@article{Hong13,
	Author = {Chi-Yao Hong and Srikanth Kandula and Ratul Mahajan and Ming Zhang and Vijay Gill and Mohan Nanduri and Roger Wattenhofer},
	Date-Modified = {2014-09-21 03:27:23 +0000},
	Journal = SIGCOMM,
	Title = {Achieving High Utilization with Software-Driven {WAN}},
	Year = 2013}

@article{zUpdate,
	Author = {Hongqiang Harry Liu and Xin Wu and Ming Zhang and Lihua Yuan and Roger Wattenhofer and David Maltz},
	Date-Modified = {2014-09-21 03:28:47 +0000},
	Journal = SIGCOMM,
	Title = {{zUpdate: U}pdating Data Center Networks With Zero Loss},
	Year = 2013}

@article{incremental-cu,
	Author = {Naga Praveen Katta and Jennifer Rexford and David Walker},
	Journal = {HotSDN},
	Title = {Incremental Consistent Updates},
	Year = 2013}

@article{Sherwood10,
	Author = {Rob Sherwood and Glen Gibb and Kok-Kiong Yap and Guido Appenzeller and Martin Casado and Nick McKeown and Guru Parulkar},
	Journal = OSDI,
	Title = {Can the production network be the testbed?},
	Year = 2010}

@article{verified-pldi13,
	Author = {Arjun Guha and Mark Reitblatt and Nate Foster},
	Journal = pldi,
	Title = {Machine-Verified Network Controllers},
	Year = 2013}

@article{mcclurg15,
	Author = {Jedidiah McClurg and Hossein Hojjat and Pavol Cerny and Nate Foster},
	Journal = PLDI,
	Title = {Efficient Synthesis of Network Updates},
	Year = 2015,
    note = "to appear"}

@article{sdnlayering,
	Author = {Brandon Heller and Colin Scott and Nick McKeown and Scott Shenker and Andreas Wundsam and Hongyi Zeng and Sam Whitlock and Vimalkumar Jeyakumar and Nikhil Handigol and Murphy McCauley and Kyriakos Zarifis and Peyman Kazemian},
	Journal = {HotSDN},
	Title = {Leveraging SDN Layering to Systematically Troubleshoot Networks},
	Year = 2013}

@article{C-trie,
	Author = {Kurt Maly},
	Journal = CACM,
	Month = JUL,
	Title = {Compressed tries},
	Year = 1976}

@misc{ocean,
	Note = {http://ocean.cs.illinois.edu/},
	Title = {University of Illinois OCEAN Testbed}}
